2242 3051
950 110 1250 152 .-9-;

500 209 502 211 ’
548 203 712 248 ¹lumine
741 202 942 262 adempto
961 202 1155 246 animam
1184 200 1444 246 moribundo
1477 215 1658 262 corpore
1687 201 1812 247 fudit.

551 274 790 334 Scipiadas,
820 274 923 317 belli
953 274 1111 317 fulmen
1121 306 1137 328 ‚.
1169 272 1432 331 Carthaginis
1458 272 1625 328 horror,

351 349 487 392 ‚1035
552 361 647 389 ossa
676 343 796 387 dedit
826 357 958 389 terrae
990 343 1169 402 proinde
1200 359 1249 387 ac
1279 344 1412 385 famul
1443 344 1613 386 infimus
1645 356 1762 387 esset.

241 460 422 503 Versum
451 458 564 503 1031
592 457 889 498 Lachmannns
915 468 1086 514 propter
1109 453 1332 499 molestam
1358 472 1406 497 ac
1433 471 1604 513 prorsus
1635 455 1939 500 intolerabilem
1970 446 2105 501 orati-

120 520 212 566 onis
251 517 550 565 abundantiam
586 516 706 561 uncis
744 515 911 561 inclusit
952 532 1133 577 eumque
1174 533 1199 560 a
1238 529 1500 572 correctore,
1542 533 1643 561 cum
1685 516 1800 561 ahter
1839 516 1984 579 primo
2018 518 2101 564 hos

118 599 260 625 versus
286 581 502 623 Lucretius
526 580 781 638 scripsisset,
807 579 957 621 iniuria
980 592 1190 622 servatum
1213 579 1327 621 dixit.
1388 578 1640 638 Bernaysius
1662 595 1828 621 versum
1850 596 1941 623 non
1962 593 2101 635 notat3

119 659 257 714 neque
287 632 451 698 habeo,
481 658 564 689 cur
585 640 673 685 sine
706 657 829 684 causa
861 655 989 685 uncas
1021 655 1120 685 eum
1151 639 1377 685 removisse
1408 638 1561 684 dicam.
1625 640 1776 685 Xerxis
1810 641 1925 686 enim
1956 658 1980 685 a
2008 641 2103 686 Lu-

119 706 247 747 cretio
268 704 427 746 mentio
451 705 479 744 f
472 716 561 744 ncta
585 716 665 756 est,
699 703 773 761 qui
800 719 872 744 rex
896 704 964 744 vel
985 716 1206 761 propterea
1230 704 1273 743 in
1298 703 1683 760 potentissimorum
1704 720 1882 746 numero
1907 704 2101 756 habetur,

119 764 238 824 quod
268 765 449 824 pedibus
481 763 579 823 ipsis
611 762 763 805 milites
794 764 950 805 calcare
981 762 1115 806 undas
1148 762 1291 817 iussit,
1329 779 1428 806 cum
1451 775 1582 822 ponte
1606 763 1713 806 mari
1735 763 1934 823 imposito
1959 781 2100 823 neque

118 826 294 869 natibus
326 825 542 883 ingentem
573 823 804 867 exercitum
837 823 1037 866 traiceret.

254 1009 321 1051 De
354 1008 531 1051 exordio
560 1008 698 1067 quarti
728 1008 847 1062 libri,
894 1007 1014 1067 quod
1044 1026 1067 1051 a
1098 1008 1304 1052 Cicerone
1335 1007 1630 1051 Lachmannus
1662 1026 1686 1052 e
1716 1010 1858 1067 primo
1888 1010 1996 1053 libro
2027 1026 2101 1053 re—

116 1070 294 1128 petitum
326 1085 413 1111 esse
444 1069 548 1112 dicit
585 1069 704 1123 ideo,
744 1085 798 1111 ne
830 1081 1004 1132 quartus
1034 1069 1140 1114 liber
1172 1069 1344 1112 exordio
1382 1070 1560 1112 omnino
1599 1082 1776 1140 careret,
1823 1070 1929 1130 quid
1964 1083 2099 1114 statu-

117 1131 276 1173 endum
307 1130 414 1173 1111111
443 1130 668 1185 videretur,
706 1130 749 1172 in
784 1148 959 1174 censura
991 1124 1183 1174 editionis
1208 1130 1574 1174 Lachmannianae
1606 1132 1791 1189 exposui.
1853 1147 1993 1190 neque
2024 1149 2099 1176 cur

116 1192 234 1234 aliter
262 1190 394 1235 hodie
425 1193 619 1246 sentiam,
659 1191 886 1252 quicquam
914 1191 1064 1235 habeo.
1130 1192 1327 1251 profecto
1357 1208 1463 1250 quae
1495 1192 1549 1235 ad
1580 1192 1842 1251 probandam
1872 1208 2012 1236 meam
2043 1192 2099 1236 de

117 1252 290 1295 exordio
333 1252 405 1296 illo
445 1254 694 1296 sententiam
732 1265 824 1295 tum
861 1253 1039 1311 protuli,
1085 1254 1121 1296 si
1160 1252 1423 1296 Lachmanni
1463 1253 1517 1296 de
1558 1254 1811 1297 carminibus
1852 1253 2100 1297 sententiam

115 1330 256 1357 veram
295 1329 383 1358 esse
422 1314 632 1369 dicamus,
674 1314 741 1358 vel
778 1315 883 1358 sexti
919 1314 1015 1358 libri
1051 1316 1150 1360 loco
1191 1314 1381 1373 quodam
1409 1313 1527 1358 haud
1561 1314 1831 1360 mediocriter
1862 1314 2100 1361 confirmari

115 1392 136 1416 ν
144 1374 263 1417 idean
268 1386 345 1417 tur.

241 1486 323 1529 Ubi
363 1486 537 1546 quidem
566 1486 672 1531 haec
708 1488 927 1546 leguntur:

360 1598 422 1640 80
485 1616 612 1658 quam
644 1599 819 1658 quidem
849 1611 897 1640 ut
927 1616 950 1640 a
986 1598 1109 1641 nobis
1139 1599 1244 1641 rati0
1275 1599 1484 1642 verissima
1514 1601 1645 1659 longe

486 1668 649 1723 reiciat,
695 1685 936 1727 quanquam
966 1680 1065 1711 sunt
1095 1684 1119 1710 a
1157 1684 1227 1711 me
1261 1670 1393 1711 multa
1423 1671 1629 1728 profecta,

483 1739 616 1781 multa
646 1751 786 1780 tamen
817 1750 970 1781 restant
1009 1752 1051 1781 et
1080 1750 1180 1780 sunt
1219 1739 1406 1782 ornanda
1437 1739 1577 1796 politis
1603 1754 1610 1757 ’

484 1809 689 1852 versibus:
738 1821 798 1851 est
827 1807 932 1851 ratio
965 1807 1157 1866 fulgendi
1185 1808 1332 1867 visque
1363 1808 1542 1852 tonandi

485 1893 582 1923 sunt
612 1892 877 1939 tempestates
910 1891 951 1923 et
987 1880 1162 1923 fulmina
1193 1880 1301 1924 clara
1332 1879 1533 1936 canenda,

361 1952 420 1995 85
487 1950 614 2011 [quid
645 1951 797 1993 faciant
828 1964 870 1994 et
900 1968 984 2010 qua
1016 1951 1069 1994 de
1102 1968 1223 1994 causa
1254 1967 1440 2010 cumque
1470 1953 1681 2007 ferantur3

485 2039 539 2066 ne
572 2021 752 2081 trepides
785 2021 890 2066 caeli
920 2021 1060 2065 divisis
1090 2021 1275 2080 partibus
1307 2037 1463 2077 amenS,

484 2094 599 2137 unde
631 2095 775 2138 volans
805 2093 913 2152 ignis
944 2092 1179 2151 pervenerit
1208 2105 1280 2135 aut
1310 2092 1354 2135 in
1389 2105 1526 2135 utram
1556 2108 1602 2136 se

484 2165 655 2209 verterit
682 2165 785 2221 hinc
816 2176 997 2223 partem,
1043 2180 1128 2221 quo
1160 2176 1284 2222 pacto
1316 2179 1393 2222 per
1422 2165 1517 2208 loca
1547 2176 1665 2224 septa

484 2235 702 2278 insinuarit
732 2247 774 2278 et
803 2234 906 2278 hinc
937 2233 1176 2277 dominatus
1205 2246 1254 2276 ut
1284 2234 1476 2277 extulerit
1507 2235 1585 2294 se.]

363 2310 424 2353 90
485 2322 673 2367 quorum
692 2320 880 2364 ‚operum
911 2320 1051 2348 causas
1080 2304 1197 2347 nulla
1226 2304 1386 2347 ratione
1423 2303 1565 2348 videre

485 2389 664 2437 possunt
701 2392 750 2420 ac
784 2375 875 2418 fieri
905 2374 1050 2419 divino
1079 2375 1257 2418 numine
1288 2387 1442 2417 rentur.

237 2485 534 2531 Lachmannus
566 2489 620 2532 de
650 2487 840 2531 versibus
870 2486 930 2530 85
969 2513 1020 2520 -—
1053 2486 1114 2529 89
1145 2485 1252 2529 haec
1282 2485 1416 2528 addit:
1463 2483 1607 2539 „haee
1637 2485 1781 2529 onmia
1810 2484 2096 2555 pulcherrima

115 2559 215 2590 sunt
244 2560 286 2591 et
318 2546 422 2591 huic
451 2550 549 2593 loco
577 2548 699 2594 valde
730 2547 1023 2603 accomodata,
1061 2547 1180 2590 sed
1169 2546 1198 2589 11
1229 2545 1318 2589 duo
1348 2561 1511 2602 versus,
1553 2547 1628 2605 qui
1659 2562 1707 2591 ea
1738 2546 1968 2606 excipiunt,
1999 2564 2097 2592 ora-

115 2608 243 2652 tionis
284 2608 476 2652 ordinem
493 2611 774 2677 perturbant.
865 2608 1019 2651 nihilo
1028 2607 1167 2650 minus
1204 2605 1336 2651 iidem
1371 2623 1536 2677 versus,
1577 2606 1825 2658 Quorum
1866 2624 2097 2668 operum

101 2674 309 2713 causas
346 2682 390 2715 et
427 2668 507 2729 ipsi
529 2687 715 2732 prorsus
752 2669 808 2715 ad
836 2685 929 2717 rem
957 2669 1138 2726 faciunt,
1177 2668 1231 2714 si
1247 2668 1318 2714 illa
1346 2669 1491 2727 priora
1521 2668 1720 2715 abessent.
1797 2684 1849 2715 ex
1889 2685 1983 2730 quo
2016 2685 2097 2730 ap-
