2242 3051
953 135 1019 150 ,,,-,
1086 110 1149 160 64,
1191 134 1254 150 ›....

264 207 407 253 Aliam
446 212 630 265 causam,
678 226 762 269 qua
794 207 1050 254 Suetonium
1089 226 1180 254 rem
1219 209 1352 268 probe
1390 221 1638 268 cognovisse
1677 223 1912 270 appareret,
1957 209 2101 254 Lach-

108 286 291 315 mannus
332 271 493 331 primus
536 270 741 329 exposuit.
835 272 1058 330 „ltaque‚“
1104 271 1261 329 inquit,
1307 272 1613 339 3‚penspicuum
1661 284 1741 326 est,
1787 271 1868 315 hos
1912 273 2032 315 locos
2078 289 2100 313 a

107 331 310 376 Lucretio
341 349 428 376 non
460 347 513 375 eo
545 331 719 387 ordine,
761 349 848 392 quo
880 350 996 375 nunc
1028 333 1210 375 carmina
1243 331 1394 389 scripta
1428 332 1619 391 legimus,
1658 344 1852 376 tractatos
1884 348 1987 388 esse,
2024 331 2101 376 sed

79 391 209 437 .alio
234 405 426 452 tempore
473 405 516 435 et
557 409 657 436 cum
697 406 834 436 cetera
875 394 918 435 in
961 393 1152 435 manibus
1193 409 1280 435 non
1319 392 1512 446 haberet,
1560 410 1659 435 cum
1700 394 1853 452 quibus
1891 406 2018 451 poeta
2059 406 2101 436 et

105 452 391 527 philosoph-us
421 453 511 496 veri
549 469 695 496 rerum
726 453 885 497 ordinis
917 455 1096 496 maxime
1137 451 1350 495 studiosus
1390 453 1480 507 illa,
1521 453 1555 495 si
1592 466 1751 512 posset,
1804 470 1930 512 quam
1969 454 2100 512 aptis-

105 514 215 558 sime
248 514 505 574 coniungere
538 513 731 558 debebat.
795 531 845 558 ex
877 531 963 573 quo
997 526 1177 573 apparet,
1209 513 1371 572 quod
1359 530 1443 557 iam
1474 529 1600 572 supra
1632 514 1774 570 dixi,
1761 531 1902 574 ipsum
1929 526 2098 572 poetam

107 575 196 622 hoc
228 592 333 636 opus
363 591 454 619 non
487 574 667 620 edidisse
698 592 838 637 neque
873 577 1056 635 primum
1088 574 1292 618 editorem
1327 590 1503 630 curasse,
1543 587 1591 617 ut
1620 575 1808 635 singulae
1832 587 1969 645 partes
1994 590 2099 645 per-

79 638 245 694 *fectae
278 650 317 680 et
348 637 564 681 absolutae
596 638 874 681 viderentur.“
948 654 1053 696 quae
1085 654 1189 679 num
1221 631 1433 691 omnibns,
1465 636 1618 695 quibus
1651 638 1829 696 probare
1859 635 2101 679 instituisset

106 697 425 754 Lachmannus‚
478 714 620 742 revera
660 699 765 742 locis
809 700 1102 767 probarentur3
1151 713 1251 740 cum
1292 697 1346 740 de
1388 697 1729 741 Lachmanniaua
1772 699 1955 741 editione
1996 697 2098 740 olim

108 759 385 819 disputabam,
424 776 636 818 exponere
666 761 845 818 longum
880 776 923 802 en
925 773 972 801 at
1052 758 1232 801 alienum
1265 758 1389 816 igitur
1419 774 1507 801 non
1541 774 1628 801 esse
1659 759 1849 805 videatur
1879 775 1951 803 eos
1981 759 2099 802 locos

108 837 275 876 omneS,
303 833 366 876 ut,
400 820 505 880 quid
535 820 806 865 statuendum
838 821 910 876 sit,
956 833 1169 880 appareat,
1218 818 1418 879 deinceps
1452 835 1652 863 enarrate.

245 1043 426 1104 Insignis
471 1057 532 1088 est
572 1045 694 1088 locus
738 1044 905 1087 alterius
946 1045 1060 1100 libni,
1117 1061 1205 1105 quo
1247 1044 1301 1088 de
1344 1044 1522 1089 deorum
1554 1044 1707 1090 mundi
1743 1044 2097 1091 administratione

98 1102 323 1151 hicn-etius
353 1122 489 1166 pauca
521 1104 668 1160 docet,
700 1105 757 1147 ita
795 1118 866 1160 ut,
899 1122 1010 1166 quae
1048 1118 1248 1188 exponat,
1291 1122 1341 1149 ex
1371 1106 1581 1165 prioribus
1623 1120 1718 1189 apta
1749 1123 1838 1150 non
1870 1106 2099 1151 videautm.

556 1192 567 1208 5

172 1266 181 1277 ,
242 1228 423 1283 Versus,
468 1245 568 1272 cum
598 1244 687 1271 non
719 1229 775 1270 ita
807 1229 929 1271 multi
962 1230 1062 1284 sint,
1109 1230 1330 1272 ascribam:

384 1351 472 1396 165
540 1351 641 1411 [nec
674 1352 899 1411 persectari
929 1350 1159 1411 primordia
1189 1351 1350 1410 singula
1383 1367 1591 1411 quaeque,

535 1434 583 1464 ut
613 1421 783 1465 videant
814 1439 898 1481 qua
930 1424 1114 1481 quicque
1146 1436 1313 1481 geratur
1345 1439 1443 1465 cum
1475 1425 1651 1466 ratione.

631 1534 692 1577 At
726 1534 901 1593 quidam
933 1548 1078 1578 contra
1108 1534 1235 1589 haec,
1282 1534 1413 1594 ignari
1453 1535 1654 1590 materiai,

543 1617 742 1663 naturam·
767 1621 855 1648 non
885 1622 1030 1663 posse,
1074 1604 1204 1649 deum
1234 1606 1324 1648 siue
1357 1608 1550 1661 numine,
1597 1619 1744 1649 rentur

540 1686 657 1718 tanto
690 1690 820 1733 opere
849 1674 1048 1717 humanis
1080 1676 1309 1717 rationibus
1341 1671 1613 1719 admoderate

384 1746 473 1790 170
536 1748 729 1804 tempora
758 1758 921 1789 mutare
953 1762 1179 1800 annorum,
1227 1747 1451 1807 frugesque
1489 1763 1644 1803 creare,

538 1828 580 1859 et
610 1815 694 1859 iam
726 1825 882 1872 cetera,
929 1816 1114 1860 mortalis
1146 1832 1255 1876 quae
1290 1816 1441 1861 suadet
1471 1817 1587 1862 adire

536 1887 713 1947 ipsaque
745 1887 922 1931 deducit
953 1888 1041 1931 dux
1071 1888 1179 1931 vitae
1212 1888 1280 1931 dia
1309 1890 1505 1948 voluptas
1550 1926 1553 1927 γ

542 1971 584 2001 et
620 1975 686 2001 res
718 1974 795 2017 per
824 1959 1005 2002 Veneris
1036 1958 1248 2001 blanditur
1278 1960 1411 2002 saecla
1440 1972 1690 2019 propagent.

534 2045 590 2073 ne
623 2044 756 2089 genus
787 2029 955 2073 occidat
984 2029 1238 2085 humanum,
1284 2047 1471 2090 quorum
1501 2030 1645 2073 omnia
1678 2046 1797 2074 causa

382 2100 471 2144 175
535 2100 803 2143 constituisse
835 2100 939 2142 deos
973 2117 1071 2143 cum
1101 2102 1287 2158 fingunt,
1339 2101 1529 2144 omnibu’
1567 2104 1692 2145 rebus

542 2187 700 2230 magno
733 2185 862 2229 opere
895 2187 919 2213 a
949 2186 1044 2214 vera
1074 2171 1179 2230 lapsi
1216 2170 1376 2215 ratione
1405 2171 1616 2216 videntur.

536 2256 638 2283 nam
671 2240 860 2298 quamvis
891 2255 1036 2283 rerum
1065 2241 1257 2301 ignorem
1286 2242 1517 2301 primordia
1549 2258 1659 2302 quae
1696 2242 1793 2297 sint,

539 2311 628 2354 hoc
661 2323 802 2352 tamen
834 2327 886 2353 ex
918 2310 1019 2368 ipsis
1051 2313 1160 2356 coeli
1201 2313 1429 2356 rationibus
1451 2313 1602 2356 ¹ausim

537 2383 789 2428 confirmare
820 2381 996 2442 aliisque
1028 2398 1084 2427 exs
1113 2385 1240 2428 rebus
1276 2383 1454 2430 reddere
1485 2382 1642 2439 multis,

385 2451 476 2498 180
537 2468 809 2512 nequaquam
838 2453 964 2497 nobis
1003 2453 1198 2498 divinitus
1239 2472 1327 2500 esse
1362 2468 1546 2500 creatam

537 2530 729 2570 naturam
759 2523 930 2568 mundi:
977 2536 1088 2568 tanta
1125 2537 1204 2569 stat
1238 2526 1424 2585 praedita
1454 2526 1594 2584 culpa,

539 2609 650 2654 quae
681 2594 757 2638 tibi
788 2595 1014 2655 posterius,
1054 2595 1252 2654 Memmi,
1297 2597 1499 2642 faciemus
1531 2608 1690 2656 aperta:

505 2673 509 2676 '
536 2662 669 2712 minc*
683 2665 731 2710 id
762 2666 882 2727 quod
911 2681 1039 2728 super
1070 2681 1131 2713 est
1161 2668 1216 2713 de
1251 2669 1438 2714 motibus
1469 2666 1772 2728 expediemus-J
