2242 3051
908 122 1231 165 ...15-

204 217 328 270 Quae
365 228 617 288 sequuntur·
635 216 692 269 (v.
725 215 893 262 110-
906 215 1016 274 234)
1048 213 1345 261 Lachmannus
1387 215 1596 260 emblema
1628 231 1716 261 esse
1754 215 1858 262 dicit
1892 217 2066 280 reliquis

81 280 211 326 olim
240 279 405 340 scriptis
432 290 647 322 insertum.
687 294 818 337 „ergo
842 278 915 322 hic
935 284 1119 333 rursus,“
1149 277 1300 339 inquit,
1326 278 1626 338 „perspicuum
1655 291 1717 322 est
1734 293 1905 339 poetam
1929 294 1975 324 et
1998 280 2066 325 his

81 354 124 386 et
154 341 236 384 illis
269 341 373 385 olim
403 339 564 399 scriptis
595 339 673 382 alia
703 339 949 395 inseruisse,
981 355 1122 397 neque
1155 356 1203 383 ea
1234 338 1382 382 ceteris
1413 339 1469 382 ita
1497 352 1546 382 ut
1578 338 1685 385 ordo
1714 353 1829 385 recte
1855 353 2066 387 constaret

81 401 438 446 accommodasse.
507 411 606 443 suut
644 412 783 443 autem
822 399 929 444 haec
969 401 1219 443 emblemata
1265 400 1352 444 110
1373 425 1424 433 -
1445 401 1540 443 234
1570 416 1622 443 ex
1654 416 1704 443 eo
1735 417 1911 460 genere,
2016 418 2066 445 ae

82 481 208 522 supra
240 463 295 507 ad
324 462 480 505 librum
512 461 569 515 ll,
606 463 691 505 166
724 461 832 504 iuter
863 476 955 505 sese
987 462 1131 520 aliquo
1162 460 1464 505 sententiarum
1495 460 1666 505 vinculo
1699 461 1925 507 cohaerere
1953 419 2064 520 dilxi3

83 524 238 585 quibus
271 535 441 583 poetam
471 521 548 564 alia
578 521 726 564 similia
749 522 905 565 addere
932 522 1113 565 voluisse
1138 539 1190 565 ex
1215 537 1338 565 versu
1361 522 1491 565 huius
1516 522 1611 564 libri
1638 523 1724 566 155
1751 537 1943 584 apparet,
1975 541 2064 585 quo

84 585 291 645 promittit
323 584 391 639 ea,
424 598 533 643 quae
564 599 786 642 nunquam
816 583 1064 643 praestitit.“

181 695 307 756 Nego
332 695 461 740 olim
479 694 641 756 scriptis
660 694 828 755 reliquis
849 712 897 739 ea
919 694 1140 740 inseruisse
1155 708 1337 757 poetam.
1398 694 1465 739 vel
1489 708 1662 756 propter
1680 712 1822 740 versus
1841 697 1900 742 97
1914 721 1976 729 —
1993 697 2067 753 99,

84 759 163 813 eis,
196 773 306 819 quae
336 757 419 801 iam
450 756 735 817 praecedunt,
775 755 910 800 modo
937 757 1099 817 scriptis
1125 759 1244 817 quasi
1269 757 1505 801 necessario
1530 757 1719 817 quodam
1751 759 1878 803 animi
1903 760 2067 819 impetu

84 832 349 864 commotum
381 836 429 863 ea
459 817 658 863 cecinisse
690 823 864 878 ap'paret
894 831 1087 878 poetam,
1121 835 1230 878 quae
1261 835 1298 863 v.
1334 819 1421 863 110
1451 818 1653 877 legimus:

441 932 529 976 110
655 932 753 984 Qua
784 930 899 990 prius
932 930 1151 989 adgrediar
1181 946 1311 989 quam
1344 929 1399 973 de
1432 947 1478 974 re
1511 931 1689 975 fundere
1721 933 1805 975 fata

595 998 779 1044 sanetius
813 1014 854 1044 et
884 1001 1020 1043 multo
1053 1013 1165 1044 certa
1183 1000 1360 1044 ratione
1393 1000 1524 1060 magis
1556 1017 1686 1060 quam

595 1071 747 1132 Pythia
779 1089 887 1130 quae
922 1069 1087 1130 tripode
1121 1089 1144 1114 a
1174 1071 1340 1115 Phoebi
1371 1072 1578 1131 lauroque
1610 1074 1813 1132 profatur,

596 1143 728 1185 multa
759 1142 837 1185 tibi
868 1142 1086 1201 expediam
1119 1141 1256 1185 doctis
1287 1142 1430 1185 solatia
1463 1143 1611 1198 dictis3

595 1213 798 1272 religione
830 1215 1061 1257 refrenatus
1093 1229 1147 1255 ne
1179 1213 1289 1255 forte
1320 1212 1445 1256 rearis

444 1285 540 1331 116·
595 1287 723 1327 terras
755 1296 796 1327 et
827 1284 965 1328 solem¹
994 1296 1034 1327 et
1065 1282 1248 1338 caelum,
1288 1299 1403 1328 mare
1435 1283 1572 1328 sidera
1601 1284 1747 1327 lunam

558 1408 560 1410 v
592 1371 771 1414 corpore
804 1347 961 1409 divino
981 1354 1136 1398 debere
1168 1367 1335 1397 aeterna
1366 1371 1551 1410 manere,

593 1413 902 1486 proptereaque
928 1439 1054 1485 vputes
1085 1425 1168 1468 ritu
1200 1442 1275 1485 par
1307 1441 1395 1469 esse
1428 1425 1663 1485 Gigantum

592 1496 778 1556 pendere
811 1512 884 1540 eos
914 1512 1072 1556 poenas
1103 1495 1278 1540 immani
1307 1512 1385 1555 pro
1417 1498 1573 1541 scelere
1604 1496 1756 1553 omnis,

594 1567 668 1626 qui
698 1567 856 1627 ratione
887 1584 962 1625 sua
991 1567 1224 1610 disturbent
1254 1567 1422 1612 moenia
1453 1566 1604 1611 mundi

441 1639 530 1682 120
591 1637 933 1696 praeclarumque
963 1637 1091 1681 velint
1123 1637 1226 1681 caeli
1256 1638 1513 1697 restinguere
1543 1639 1691 1693 solem,

593 1708 842 1752 immortalia
872 1708 1039 1756 mortali
1068 1723 1260 1754 sermone
1290 1720 1501 1763 notantes3

596 1794 704 1838 quae
735 1779 885 1837 procul
915 1794 1049 1837 usque
1080 1776 1188 1821 adeo
1220 1777 1362 1822 divino
1394 1797 1417 1821 a
1446 1777 1621 1822 numine
1655 1777 1823 1834 distent,

596 1849 726 1908 inque
757 1849 886 1893 deum
918 1865 1094 1893 numero
1126 1861 1235 1910 quae
1266 1850 1349 1893 sint
1379 1848 1553 1909 indigna
1584 1848 1732 1905 videri,

594 1920 787 1964 notitiam
821 1919 958 1979 potius
988 1920 1186 1979 praebere
1216 1932 1265 1962 ut
1295 1929 1419 1980 posse
1448 1933 1650 1979 putentur

449 1991 535 2034 125
601 1991 707 2050 quid
738 1991 790 2032 sit
819 1991 932 2033 vitali
962 2003 1083 2033 motu
1113 1990 1325 2049 sensuque
1355 2005 1579 2034 remotum.

209 2101 308 2146 'Nec
340 2118 448 2163 quae
480 2102 534 2145 de
566 2101 655 2145 deis
687 2101 953 2162 deorumque
984 2117 1110 2160 opera
1139 2102 1247 2146 infra
1278 2102 1505 2161 disputavit
1526 2114 1682 2163 poeta,
1712 2103 1768 2147 ad
1793 2119 1857 2159 ea,
1884 2121 1991 2163 quae
2016 2106 2072 2149 de

93 2165 258 2209 mundo
291 2163 517 2219 docuerat,
557 2180 645 2207 non
676 2163 815 2206 retulit
845 2162 1008 2206 omnia:

589 2263 729 2308 dicere
762 2279 891 2322 porro
920 2261 1144 2306 hominum
1176 2279 1299 2306 causa
1328 2261 1509 2307 voluisse
1538 2280 1679 2322 parare

588 2335 843 2394 praeclaram
873 2332 1024 2376 mundi
1051 2345 1263 2388 naturam,
1294 2346 1599 2393 proptereaque

590 2403 837 2449 allaudabile
868 2419 976 2468 opus
1006 2403 1154 2447 divom
1182 2404 1353 2447 laudare
1384 2403 1534 2447 decere

591 2488 891 2534 aeternumque
921 2486 1064 2534 putare
1095 2486 1223 2534 atque
1253 2473 1485 2518 immortale
1515 2473 1726 2531 futurum,

441 2549 530 2593 160
591 2563 673 2591 nec
703 2548 764 2590 fas
796 2561 903 2602 esse,
942 2544 1071 2589 deum
1101 2546 1219 2605 quod
1248 2545 1301 2588 sit
1329 2544 1491 2589 ratione
1520 2557 1683 2591 vetusta

590 2616 785 2679 gentibus
814 2616 1009 2661 humanis
1038 2615 1266 2660 fundatum
1295 2629 1504 2675 perpetuo
1535 2631 1655 2674 aevo,

591 2688 815 2736 sonicitare
846 2688 930 2733 suis
959 2688 1045 2733 ulla
1072 2687 1116 2734 vi
1147 2703 1198 2733 ex
1228 2688 1398 2733 sedibus
1428 2704 1649 2751 umquam,
