2242 3051
945 88 1127 129 ...512
1205 111 1258 120 -

84 181 251 229 *buerit
268 181 396 236 iue,·-
391 178 558 224 alieno
569 177 668 224 -eos
678 180 780 224 loco
814 181 907 224 iam
943 179 1122 240 tepet-'tri
1153 180 1290 239 neget.
1368 178 1631 224 Lachmanni
1668 181 1809 225 verba-
1830 181 1937 226 haee
1973 178 2091 226 sunt:

101 242 210 298 „hio
236 241 366 285 idem
383 241 602 285 observare
632 240 746 296 lieet,
783 240 906 300 quod
937 258 1059 285 versu
1080 241 1173 285 129
1182 241 1389 287 vidimus.
1437 256 1541 284 nam
1558 240 1613 285 hi
1626 257 1787 286 nversus
1815 242 1958 313 neque
1990 254 2089 313 apto

99 303 203 349 1000
231 313 359 363 poem
388 313 485 346 sunt
515 317 657 361 neque
678 315 863 372 possunt
888 304 935 345 in
967 318 1108 355 suum,
1149 301 1237 345 hoc
1269 314 1347 356 est,
1387 313 1484 361 post
1512 301 1621 359 686,
1660 303 1792 348 traici.
1837 338 1839 340 »
1868 304 1990 348 mlius
2029 303 2090 349 rei

102 380 211 426 quae
241 380 367 409 musa
395 363 470 419 sit,
513 363 598 407 iam
627 364 726 407 satis
757 377 899 455 patere
930 363 1162 408 existimofc

242 548 504 593 Difficillima
536 549 726 608 quaestio
759 561 819 591 est
850 548 904 590 de
935 547 1119 592 versibus
1150 547 1246 591 libri
1278 547 1413 606 quarti
1445 548 1534 591 777
1555 573 1616 582 -
1637 547 1744 605 817,
1782 548 1874 594 822
1898 575 1958 585 —-
1983 549 2090 605 857,

101 609 391 655 858-876.
458 610 580 653 finani
611 611 714 653 olim
745 625 887 669 opera,
921 626 1041 663 cum,
1079 625 1189 668 quae
1219 625 1313 653 vera
1346 621 1450 652 esset
1473 609 1823 654 Lueretiauorum
1855 611 2089 654 carminum

101 673 312 727 conditio,
360 671 656 715 Lachmanuus
694 671 887 713 nondum
927 670 1158 725 docuisset,
1205 669 1595 730 transpositionibus
1637 670 1903 716 difficultates
1942 673 2088 716 tollere

101 733 256 778 studui.
332 733 417 776 iam
451 733 555 793 quin
589 750 687 776 cum
717 731 993 776 Lachmauuo
1026 731 1304 788 consentiam,
1351 747 1437 775 non
1469 747 1656 791 possum.

224 847 376 902 Poeta,
406 859 475 900 ut,
508 846 660 906 quibus
691 847 817 888 rebus
848 845 1011 888 animus
1040 856 1294 898 moveretur,
1324 843 1531 888 Memmio
1564 845 1852 903 persuaderet,
1888 845 2088 906 imagines

99 907 240 968 vagari
279 908 335 951 ait
374 905 679 962 subtilissimas,
723 906 966 950 subtiliores
1008 906 1131 948 etiam
1153 922 1290 965 quam
1318 906 1477 965 quibus
1508 907 1623 955 oculi
1654 919 1932 977 tangerentur.
1995 923 2090 951 eas-

101 968 311 1028 demque,
353 985 450 1012 cum
490 969 676 1010 infinitus
714 980 822 1010 esset
861 983 1079 1021 numerus,
1120 982 1198 1026 per
1240 983 1328 1008 rara
1368 967 1568 1036 corporis
1589 969 1743 1010 intrare
1775 968 1987 1028 animique
2019 982 2090 1013 te-

97 1045 232 1073 nuem
263 1043 451 1072 naturam
480 1030 693 1071 lacessere.
755 1045 917 1086 neque,
966 1044 1062 1070 cum
1094 1043 1193 1069 casu
1229 1020 1442 1069 interdum
1483 1027 1619 1071 variae
1662 1028 1932 1072 cohaererent
1982 1030 2091 1072 ima-

78 1090 308 1151 -gineS,o
280 1105 429 1134 omnes
469 1088 522 1132 ab
560 1089 660 1148 ipsis
700 1090 824 1132 rebus
862 1089 1072 1147 profectas
1112 1103 1223 1141 esse,
1265 1100 1334 1129 ut
1344 1099 1564 1130 centauros
1605 1104 1780 1132 cernere
1811 1090 1935 1133 nobis
1966 1089 2091 1134 vide-

95 1166 259 1206 remur,
301 1150 559 1204 Cerberum,
600 1150 807 1211 Scyllam,
854 1166 963 1209 quae
994 1167 1038 1191 m
1068 1148 1150 1192 vita
1181 1165 1260 1191 nec
1292 1148 1375 1191 iam
1408 1161 1550 1192 essent
1574 1166 1654 1194 nee
1685 1167 1875 1210 unquam
1906 1151 2090 1194 fuissent.

96 1224 223 1272 atque
263 1211 372 1255 adeo
413 1212 456 1255 iu
496 1212 656 1255 somnis
698 1212 862 1255 moveri
907 1210 1066 1253 animos
1106 1209 1354 1265 simulacris3
1403 1226 1509 1280 quae
1551 1210 1672 1271 quod
1710 1213 1899 1255 membra
1938 1211 2088 1255 iactare

96 1286 191 1317 tum
213 1273 483 1328 viderentur,
526 1274 684 1316 mirum
716 1287 803 1316 uon
838 1289 946 1327 esse,
988 1289 1102 1315 cum
1116 1272 1192 1314 ubi
1221 1272 1336 1330 prius
1365 1272 1551 1331 periisset
1582 1273 1844 1333 alterumque
1875 1273 1955 1318 alio
1988 1273 2088 1317 inde

96 1347 207 1379 statu
237 1347 387 1379 natum
418 1347 544 1390 esset,
591 1335 709 1395 prius
741 1346 908 1394 gestum
939 1333 1159 1376 mutavisse
1190 1332 1412 1377 videretur.

536 1465 619 1493 nec
649 1448 810 1491 ratione
841 1448 941 1502 alia,
984 1463 1084 1489 cum
1114 1462 1285 1489 somnus
1316 1448 1507 1489 membra
1539 1446 1744 1505 profudit,

533 1536 654 1562 mens
686 1519 814 1561 animi
844 1518 1003 1577 vigilat,
1049 1517 1127 1559 nisi
1159 1516 1280 1575 quod
1310 1517 1528 1560 simulacra
1559 1518 1769 1560 lacessunt

532 1590 640 1634 haee
672 1590 820 1633 eadem
852 1601 1016 1632 nostros
1048 1587 1210 1631 animos
1241 1604 1348 1648 quae
1382 1604 1481 1632 cum
1518 1588 1748 1649 vigilamus,

378 1663 470 1705 760
530 1677 667 1720 usque
699 1660 830 1723 adeo,
881 1671 991 1717 certe
1022 1659 1318 1714 utbvideamuur
1351 1675 1523 1703 cernere
1560 1677 1661 1703 eum
1692 1677 1822 1721 quem

496 1725 499 1733 ι
532 1731 698 1781 reddita
728 1749 808 1790 pto
840 1730 924 1774 vita
954 1729 1038 1792 iam
1070 1746 1182 1772 mors
1215 1742 1256 1772 et
1287 1741 1393 1773 terra
1427 1729 1611 1788 potitast.

529 1801 617 1846 hoe
641 1801 748 1868 ideo
780 1801 872 1844 fieri
905 1800 1018 1860 cogit
1048 1813 1212 1856 natura,
1260 1800 1380 1860 quod
1411 1818 1559 1845 omues

530 1865 720 1933 corporis
756 1873 902 1917 offecti
943 1887 1085 1914 sensus
1118 1888 1193 1932 per
1224 1873 1413 1915 membra
1454 1865 1688 1942 quiescuut‘

529 1960 610 1988 nee
640 1956 818 2003 possunt
848 1944 1000 1987 falsum
1030 1943 1137 1986 veris
1170 1942 1419 1986 convincere
1459 1944 1596 2006 rebus.

374 2007 486 2060 765'
527 2026 743 2076 praeterea
774 2013 1014 2057 meminisse
1045 2014 1152 2056 iacet
1181 2013 1441 2072 languetque
1467 1999 1639 2073 sopore,

528 2103 611 2129 nec
645 2085 837 2128 dissentit
869 2101 969 2126 eum
1000 2084 1145 2126 mortis
1175 2083 1333 2142 letique
1363 2084 1546 2144 potitum

527 2157 611 2200 iam
626 2145 836 2218 pridem,
885 2171 1015 2216 quem
1045 2170 1164 2198 mens
1194 2154 1336 2199 vivom
1366 2171 1410 2198 se
1442 2147 1612 2223 cernere
1644 2154 1789 2199 credit.

530 2229 649 2287 quod
681 2244 806 2286 super
839 2240 922 2282 est,
970 2243 1058 2269 non
1090 2239 1152 2270 est
1182 2226 1338 2269 mirum
1367 2228 1587 2269 simulacra
1618 2227 1778 2270 moveri

527 2297 810 2356 bracchiaque
843 2299 887 2340 in
918 2313 1146 2340 numerum
1176 2297 1330 2341 iactare
1359 2310 1401 2341 et
1433 2310 1569 2341 cetera
1600 2285 1803 2340 membra.

373 2370 465 2413 770
527 2386 628 2412 nam
658 2370 731 2424 fit,
777 2381 826 2410 ut
856 2368 900 2410 in
932 2368 1090 2411 somnis
1121 2368 1258 2412 facere
1289 2368 1376 2412 hoc
1406 2367 1600 2412 videatur
1631 2368 1792 2428 imago:

536 2440 695 2498 quippe
725 2439 803 2482 ubi
833 2438 969 2497 prima
1000 2440 1107 2496 perit
1138 2438 1304 2497 alioque
1336 2451 1406 2481 est'
1432 2440 1557 2482 altera
1588 2450 1684 2481 nata

526 2509 627 2553 inde
659 2522 790 2564 statu,
834 2508 949 2568 prior
977 2508 1049 2551 hic
1079 2520 1245 2568 gestum
1275 2522 1456 2553 mutasse
1487 2508 1668 2553 videtur.

525 2579 703 2635 scilicet,
749 2579 797 2624 id
834 2580 927 2623 fieri
959 2579 1274 2624 celeri·.ratione
1306 2580 1597 2638 putandumst:

526 2664 638 2696 tanta
668 2664 731 2698 est
760 2651 972 2697 mobilitas
1006 2663 1048 2695 et
1076 2667 1217 2698 rerum
1237 2651 1371 2712 ‘copia
1400 2663 1528 2707 tanta,
1559 2705 1563 2709 q
