2242 3051
982 133 1297 172 ..17-

146 223 329 269 media
368 236 410 267 et
440 237 574 269 cetera
604 223 717 280 534,
746 240 889 295 neque
919 224 1025 268 haec
1056 224 1114 268 de
1144 225 1337 270 motibus
1360 237 1565 269 astrorum
1595 238 1720 285 poeta
1750 225 1859 270 iuli-a
1886 240 2012 271 versu
2041 225 2134 272 774

150 298 193 330 et
222 284 422 344 proximis
451 299 788 330 commemorat.
847 286 989 347 itaque
1019 299 1193 346 apparet
1220 287 1294 331 hic
1326 304 1499 347 qnoque
1530 289 1573 332 in
1605 286 1775 332 schedis
1805 287 2000 332 carminis
2040 284 2133 332 dis-

149 347 359 408 ponendis
397 366 420 392 a
458 348 595 408 primo
636 347 817 403 editore,
868 364 997 408 quem
1030 348 1280 393 Ciceronem
1309 349 1438 393 fiiisse
1467 366 1592 409 supra
1623 349 1733 406 dixi,
1771 362 1995 411 peccatum
2030 362 2131 395 etse·

147 420 340 467 poterant
370 423 513 453 autem
553 409 659 453 haec
697 410 824 469 paulo
864 410 999 470 aptius
1036 423 1132 468 post
1162 427 1332 454 versum
1353 413 1452 455 563
1486 410 1700 455 collocari

280 550 442 593 Tamen
475 568 715 610 quanquam
748 551 910 593 omissis
938 551 1123 595 versibus
1154 553 1480 596 luculentiorem
1513 569 1602 596 esse
1632 552 1961 611 disputationem
1997 570 2128 596 nemo

151 624 232 667 est,
272 611 346 671 qui
376 627 528 671 negare
561 612 712 671 possit,
744 628 843 655 cum
875 612 930 655 de
960 613 1135 673 acmen-is
1167 626 1288 656 motu
1319 627 1447 673 poeta
1476 631 1516 657 v.
1548 616 1637 657 505
1672 613 1933 669 disseruerit,
1975 614 2125 658 Cicero

138 673 316 727 >forsitan
350 690 543 733 peccasse
575 691 663 718 non
694 674 882 718 videatur
914 674 1108 735 cuipiam.

756 819 1534 839 m

270 928 345 972 Ad
374 946 539 973 versum
573 929 687 973 1091
724 930 1018 974 Laclunannus
1048 932 1153 976 haee
1175 930 1313 974 addit:
1343 931 1419 985 „In
1443 930 1569 974 huius
1591 930 1688 973 libri
1710 929 1959 989 prohoemio
1983 942 2127 989 poeta,

147 990 223 1034 ubi
262 991 447 1050 singulas
483 1004 620 1050 pantes
660 992 881 1062 promittit,
933 994 991 1036 73
1024 1010 1047 1036 a
1077 993 1262 1052 loquella
1303 991 1357 1035 ad
1393 1005 1554 1035 metum
1591 992 1773 1036 deorum
1813 991 1978 1046 transit,
2017 1007 2129 1051 quae

147 1052 335 1111 quodam
368 1054 541 1095 naturali
573 1053 742 1096 'vinculo
774 1053 882 1095 inter
913 1070 957 1096 se
988 1055 1213 1097 coniuncta
1244 1066 1352 1096 sunt.
1424 1053 1497 1096 hic
1528 1069 1628 1096 vero
1663 1052 1896 1096 admodum
1927 1052 2032 1096 mire
2060 1052 2128 1096 his

148 1113 361 1157 interiecta
393 1126 455 1157 est
487 1114 672 1173 primum
705 1114 824 1173 origo
855 1114 981 1174 iguis,
1014 1131 1142 1175 quem
1172 1114 1256 1157 iam
1286 1131 1406 1173 supra
1436 1115 1550 1160 1011
1584 1110 1775 1172 paratum
1805 1113 1932 1156 fiiisse
1955 1112 2128 1168 dixerat,

147 1187 195 1217 ut
229 1175 515 1233 quaerendum
552 1176 603 1217 sit
643 1193 717 1218 cur
755 1175 869 1219 unde
909 1193 942 1218 is
983 1193 1031 1220 οι
1035 1189 1098 1219 tus
1139 1176 1265 1219 fuerit
1303 1192 1390 1219 non
1431 1188 1523 1219 ante
1554 1175 1722 1234 linguae
1752 1191 1880 1219 sonos
1916 1187 1958 1218 et
1988 1190 2129 1218 rerum

149 1237 352 1279 vocabula
386 1237 641 1307 exposuerit.
680 1250 771 1280 tum
805 1253 931 1296 porro
962 1238 1047 1296 agit
1078 1237 1132 1280 de
1164 1237 1351 1297 regibus,
1393 1235 1448 1279 de
1482 1237 1673 1296 populari
1710 1236 1910 1295 imperio,
1948 1236 2004 1279 de
2034 1252 2130 1278 ma—

147 1298 382 1355 gistratibus
414 1312 455 1341 et
485 1298 599 1353 iure3
632 1303 728 1356 post
760 1303 869 1358 quae
898 1299 1030 1359 longo
1061 1299 1277 1343 intervallo
1303 1298 1417 1343 1361
1454 1298 1657 1342 sationem
1689 1310 1730 1342 et
1762 1298 1969 1341 culturam
1998 1310 2129 1341 terrae

148 1372 468 1414 commemoiat,
508 1372 548 1402 et
578 1371 793 1418 postremo
831 1359 950 1407 1440
979 1373 1112 1403 turres
1145 1372 1187 1402 et
1223 1376 1344 1418 agros
1378 1360 1555 1413 divisos,
1602 1367 1702 1402 cum
1739 1359 1859 1402 1108
1891 1357 2131 1402 iaududam

149 1436 266 1477 reges
296 1420 375 1463 sibi
412 1437 526 1463 arces
558 1420 796 1464 condidisse
828 1434 868 1464 et
898 1434 1048 1464 terram
1080 1420 1265 1465 divisisse
1297 1420 1476 1464 dixisset.
1538 1420 1646 1464 haee
1677 1420 1752 1479 qui
1782 1428 1896 1464 recte
1928 1412 2131 1463 conside—

148 1480 317 1537 raverit,
356 1481 411 1524 de
441 1480 523 1525 hac
556 1494 639 1524 tota
672 1481 865 1525 carminis
895 1494 1012 1541 parte
1044 1481 1272 1536 concedet,
1316 1498 1410 1525 eam
1451 1497 1539 1525 non
1580 1497 1703 1558 posse
1743 1498 1766 1524 a
1808 1493 1934 1540 poeta
1974 1475 2129 1525 eodein

146 1555 337 1602 tempore
369 1544 644 1601 compositam
677 1559 766 1586 esse
798 1560 884 1602 quo
917 1556 1053 1587 cetera
1086 1543 1338 1602 scripserit.“

276 1693 353 1740 His
384 1693 677 1737 Lachmannus
708 1710 731 1735 a
762 1709 860 1736 vero
900 1692 1110 1735 deerrasse
1148 1708 1313 1752 semper
1349 1692 1457 1735 mihi
1493 1692 1607 1735 visus
1648 1705 1720 1735 est.
1781 1693 1969 1752 primum
2000 1692 2128 1762 enim,

147 1770 255 1812 qnae
287 1753 341 1797 de
376 1754 595 1812 prooemio
627 1753 746 1808 dicit,
770 1753 985 1812 pertinere
1016 1752 1070 1795 ad
1099 1752 1210 1796 hanc
1241 1753 1531 1812 quaestionem
1561 1764 1781 1812 propterea
1807 1752 1915 1796 mihi
1939 1769 2028 1796 non
2059 1751 2129 1797 vi-

147 1815 321 1870 dentur,
367 1814 486 1874 quod
524 1814 567 1856 in
608 1831 659 1858 eo
697 1814 936 1869 Lucretius,
993 1810 1097 1873 quas
1134 1813 1215 1856 sibi
1253 1829 1320 1856 res
1353 1812 1588 1857 tractandas
1617 1814 1903 1872 proposuerit,
1941 1829 2031 1856 non
2072 1813 2130 1857 ita

146 1878 387 1935 piofitetur,
418 1889 465 1919 ut
497 1875 682 1920 omisisse
713 1876 874 1918 nullam
901 1875 1100 1919 videatur.
1160 1874 1320 1919 scilicet
1351 1890 1593 1934 quanquam
1624 1874 1678 1918 de
1710 1873 1936 1919 hominum
1958 1875 2129 1934 prisco-

146 1954 240 1983 rum
272 1937 377 1992 vita,
411 1953 520 1997 quae
551 1936 635 1980 diei
665 1949 870 2005 possent,
888 1936 1039 2007 omnia
1042 1935 1275 2007 putandus
1306 1948 1369 1978 est
1399 1950 1586 1979 enarrare
1618 1935 1900 1991 constituisse,
1940 1935 2046 1982 haec
2081 1935 2126 1977 in

146 2000 368 2057 prooemio
400 2012 516 2042 suut:

1149 2141 1245 2172 tum
1276 2144 1387 2188 quae
1418 2128 1566 2171 tellure
1597 2128 1827 2172 animantes

518 2204 579 2248 70
640 2201 867 2257 extiterint,
898 2213 939 2246 et
970 2216 1077 2262 quae
1105 2200 1227 2244 nullo
1256 2199 1340 2243 sint
1370 2211 1565 2258 tempore
1597 2212 1738 2256 natae3

643 2288 782 2332 quove
813 2271 947 2315 modo
975 2287 1110 2331 genus
1138 2270 1375 2314 humanum
1403 2269 1585 2314 variante
1614 2270 1800 2328 loquella

644 2342 830 2401 eoeperit
859 2342 968 2384 inter
999 2357 1044 2384 se
1073 2340 1290 2400 vaecivper
1319 2340 1493 2384 nomina
1522 2354 1683 2394 rerum3

643 2427 685 2457 et
714 2413 868 2473 quibus
900 2413 969 2456 ille
1000 2410 1139 2456 modis
1170 2411 1316 2456 divom
1346 2422 1482 2455 metus
1512 2407 1730 2453 insinuarit

641 2498 832 2546 pectora,
863 2497 1065 2528 terrarum
1096 2481 1171 2543 qui
1200 2481 1245 2525 in
1270 2481 1369 2526 ‘orbi
1397 2490 1538 2524 sancta
1567 2490 1711 2523 tuetur

518 2557 576 2604 75
638 2558 734 2602 fana
762 2557 877 2601 lacus
906 2556 1026 2601 lucos
1056 2571 1144 2599 aras
1174 2553 1480 2612 simulacraque
1513 2549 1673 2598 divom.

640 2641 852 2691 praeterea
880 2627 981 2673 solis
1010 2641 1156 2673 cursus
1184 2626 1395 2721 lunaeque
1424 2634 1587 2668 meatus

642 2698 864 2761 expediam
894 2711 971 2743 oet.
