<?xml version="1.0" encoding="UTF-8"?>
<!DOCTYPE html PUBLIC "-//W3C//DTD XHTML 1.0 Transitional//EN"
    "http://www.w3.org/TR/xhtml1/DTD/xhtml1-transitional.dtd">
<html xmlns="http://www.w3.org/1999/xhtml" xml:lang="en" lang="en">
 <head>
  <title>
</title>
<meta http-equiv="Content-Type" content="text/html;charset=utf-8" />
  <meta name='ocr-system' content='tesseract 3.04.00' />
  <meta name='ocr-capabilities' content='ocr_page ocr_carea ocr_par ocr_line ocrx_word'/>
</head>
<body>
  <div class='ocr_page' id='page_1' title='image "4768536_0015.png"; bbox 0 0 2242 3051; ppageno 0'>
   <div class='ocr_carea' id='block_1_1' title="bbox 369 77 1803 452">
    <p class='ocr_par' dir='ltr' id='par_1_1' title="bbox 945 77 1234 126">
     <span class='ocr_line' id='line_1_1' title="bbox 945 77 1234 126; baseline 0.007 -9"><span class='ocrx_word' id='word_1_1' title='bbox 945 77 997 117; x_wconf 70' lang='grc'>’-.</span> <span class='ocrx_word' id='word_1_2' title='bbox 1072 86 1101 126; x_wconf 75' lang='grc'>8</span> <span class='ocrx_word' id='word_1_3' title='bbox 1177 109 1234 119; x_wconf 88' lang='grc'>.-</span> 
     </span>
    </p>

    <p class='ocr_par' dir='ltr' id='par_1_2' title="bbox 369 176 1803 452">
     <span class='ocr_line' id='line_1_2' title="bbox 369 176 1780 239; baseline 0.001 -18"><span class='ocrx_word' id='word_1_4' title='bbox 369 177 462 221; x_wconf 82' lang='lat'>375</span> <span class='ocrx_word' id='word_1_5' title='bbox 526 193 656 236; x_wconf 89' lang='lat' dir='ltr'>quam</span> <span class='ocrx_word' id='word_1_6' title='bbox 687 176 841 237; x_wconf 77' lang='lat' dir='ltr'>quibus</span> <span class='ocrx_word' id='word_1_7' title='bbox 875 194 898 221; x_wconf 90' lang='lat' dir='ltr'>e</span> <span class='ocrx_word' id='word_1_8' title='bbox 931 195 1084 239; x_wconf 82' lang='lat' dir='ltr'>corpus</span> <span class='ocrx_word' id='word_1_9' title='bbox 1114 178 1238 224; x_wconf 84' lang='lat' dir='ltr'>nobis</span> <span class='ocrx_word' id='word_1_10' title='bbox 1271 191 1312 222; x_wconf 82' lang='lat' dir='ltr'>et</span> <span class='ocrx_word' id='word_1_11' title='bbox 1341 178 1499 224; x_wconf 69' lang='lat' dir='ltr'>viscera</span> <span class='ocrx_word' id='word_1_12' title='bbox 1526 178 1735 236; x_wconf 58' lang='lat' dir='ltr'>constant,</span> <span class='ocrx_word' id='word_1_13' title='bbox 1771 196 1780 200; x_wconf 64' lang='grc'><strong>’</strong></span> 
     </span>
     <span class='ocr_line' id='line_1_3' title="bbox 526 249 1749 311; baseline 0.002 -20"><span class='ocrx_word' id='word_1_14' title='bbox 526 261 618 291; x_wconf 91' lang='lat' dir='ltr'>tum</span> <span class='ocrx_word' id='word_1_15' title='bbox 649 266 829 293; x_wconf 85' lang='lat' dir='ltr'>numero</span> <span class='ocrx_word' id='word_1_16' title='bbox 854 267 1033 311; x_wconf 86' lang='lat' dir='ltr'>quoque</span> <span class='ocrx_word' id='word_1_17' title='bbox 1065 249 1308 294; x_wconf 85' lang='lat' dir='ltr'>concedunt</span> <span class='ocrx_word' id='word_1_18' title='bbox 1340 263 1381 294; x_wconf 86' lang='lat' dir='ltr'>et</span> <span class='ocrx_word' id='word_1_19' title='bbox 1410 267 1500 306; x_wconf 82' lang='lat' dir='ltr'>rara</span> <span class='ocrx_word' id='word_1_20' title='bbox 1530 264 1606 309; x_wconf 84' lang='lat' dir='ltr'>per</span> <span class='ocrx_word' id='word_1_21' title='bbox 1637 261 1749 293; x_wconf 79' lang='lat' dir='ltr'>artus</span> 
     </span>
     <span class='ocr_line' id='line_1_4' title="bbox 530 311 1803 381; baseline 0.002 -19"><span class='ocrx_word' id='word_1_22' title='bbox 530 319 675 363; x_wconf 85' lang='lat' dir='ltr'>dissita</span> <span class='ocrx_word' id='word_1_23' title='bbox 705 334 824 377; x_wconf 89' lang='lat' dir='ltr'>sunt,</span> <span class='ocrx_word' id='word_1_24' title='bbox 872 322 977 364; x_wconf 89' lang='lat' dir='ltr'>dum</span> <span class='ocrx_word' id='word_1_25' title='bbox 1007 333 1136 378; x_wconf 78' lang='lat' dir='ltr'>taxat3</span> <span class='ocrx_word' id='word_1_26' title='bbox 1182 333 1231 364; x_wconf 92' lang='lat' dir='ltr'>ut</span> <span class='ocrx_word' id='word_1_27' title='bbox 1259 321 1346 365; x_wconf 91' lang='lat' dir='ltr'>hoc</span> <span class='ocrx_word' id='word_1_28' title='bbox 1377 311 1626 381; x_wconf 71' lang='lat' dir='ltr'>promittet-&#39;e</span> <span class='ocrx_word' id='word_1_29' title='bbox 1656 320 1803 381; x_wconf 69' lang='lat' dir='ltr'>possis»,</span> 
     </span>
     <span class='ocr_line' id='line_1_5' title="bbox 525 392 1543 452; baseline 0.004 -20"><span class='ocrx_word' id='word_1_30' title='bbox 525 393 731 449; x_wconf 84' lang='lat' dir='ltr'>quantula</span> <span class='ocrx_word' id='word_1_31' title='bbox 765 392 878 450; x_wconf 78' lang='lat' dir='ltr'>priva</span> <span class='ocrx_word' id='word_1_32' title='bbox 911 406 1067 452; x_wconf 85' lang='lat' dir='ltr'>queant</span> <span class='ocrx_word' id='word_1_33' title='bbox 1097 392 1219 435; x_wconf 88' lang='lat' dir='ltr'>nobis</span> <span class='ocrx_word' id='word_1_34' title='bbox 1249 392 1402 435; x_wconf 84' lang='lat' dir='ltr'>iniecta</span> <span class='ocrx_word' id='word_1_35' title='bbox 1434 392 1543 436; x_wconf 87' lang='lat' dir='ltr'>ciere</span> 
     </span>
    </p>
   </div>
   <div class='ocr_carea' id='block_1_2' title="bbox 370 462 1606 593">
    <p class='ocr_par' dir='ltr' id='par_1_3' title="bbox 370 462 1606 593">
     <span class='ocr_line' id='line_1_6' title="bbox 528 462 1606 523; baseline 0.004 -20"><span class='ocrx_word' id='word_1_36' title='bbox 528 477 710 520; x_wconf 77' lang='lat' dir='ltr'>corpora</span> <span class='ocrx_word' id='word_1_37' title='bbox 739 462 965 507; x_wconf 79' lang='lat' dir='ltr'>sensiferos</span> <span class='ocrx_word' id='word_1_38' title='bbox 999 474 1139 506; x_wconf 86' lang='lat' dir='ltr'>motus</span> <span class='ocrx_word' id='word_1_39' title='bbox 1170 462 1213 506; x_wconf 87' lang='lat' dir='ltr'>in</span> <span class='ocrx_word' id='word_1_40' title='bbox 1247 478 1448 523; x_wconf 77' lang='lat' dir='ltr'>corpore,</span> <span class='ocrx_word' id='word_1_41' title='bbox 1495 474 1606 508; x_wconf 81' lang='lat' dir='ltr'>tauta</span> 
     </span>
     <span class='ocr_line' id='line_1_7' title="bbox 370 531 1459 593; baseline 0.003 -20"><span class='ocrx_word' id='word_1_42' title='bbox 370 531 466 575; x_wconf 85' lang='lat'>380</span> <span class='ocrx_word' id='word_1_43' title='bbox 529 533 743 575; x_wconf 81' lang='lat' dir='ltr'>intervalla</span> <span class='ocrx_word' id='word_1_44' title='bbox 775 547 915 576; x_wconf 80' lang='lat' dir='ltr'>tenere</span> <span class='ocrx_word' id='word_1_45' title='bbox 949 534 1117 576; x_wconf 78' lang='lat' dir='ltr'>exordia</span> <span class='ocrx_word' id='word_1_46' title='bbox 1149 535 1264 593; x_wconf 86' lang='lat' dir='ltr'>priva</span> <span class='ocrx_word' id='word_1_47' title='bbox 1295 534 1459 578; x_wconf 85' lang='lat' dir='ltr'>animai.</span> 
     </span>
    </p>
   </div>
   <div class='ocr_carea' id='block_1_3' title="bbox 528 605 1231 666">
    <p class='ocr_par' dir='ltr' id='par_1_4' title="bbox 528 605 1231 666">
     <span class='ocr_line' id='line_1_8' title="bbox 528 605 1231 666; baseline 0.004 -19"><span class='ocrx_word' id='word_1_48' title='bbox 528 621 627 648; x_wconf 85' lang='lat' dir='ltr'>uam</span> <span class='ocrx_word' id='word_1_49' title='bbox 658 621 798 665; x_wconf 87' lang='lat' dir='ltr'>neque</span> <span class='ocrx_word' id='word_1_50' title='bbox 830 605 1013 666; x_wconf 82' lang='lat' dir='ltr'>pulveris</span> <span class='ocrx_word' id='word_1_51' title='bbox 1046 617 1122 650; x_wconf 87' lang='lat' dir='ltr'>cet.</span> <span class='ocrx_word' id='word_1_52' title='bbox 1151 617 1231 651; x_wconf 85' lang='lat' dir='ltr'>cet.</span> 
     </span>
    </p>
   </div>
   <div class='ocr_carea' id='block_1_4' title="bbox 90 725 2087 1517">
    <p class='ocr_par' dir='ltr' id='par_1_5' title="bbox 90 725 2087 1517">
     <span class='ocr_line' id='line_1_9' title="bbox 242 725 2081 786; baseline 0 -17"><span class='ocrx_word' id='word_1_53' title='bbox 242 725 364 776; x_wconf 87' lang='lat' dir='ltr'><strong>Quae</strong></span> <span class='ocrx_word' id='word_1_54' title='bbox 404 726 596 785; x_wconf 87' lang='lat' dir='ltr'>quamvis</span> <span class='ocrx_word' id='word_1_55' title='bbox 635 726 691 768; x_wconf 89' lang='lat' dir='ltr'>ita</span> <span class='ocrx_word' id='word_1_56' title='bbox 732 726 835 781; x_wconf 83' lang='lat' dir='ltr'>sint,</span> <span class='ocrx_word' id='word_1_57' title='bbox 884 739 1024 770; x_wconf 75' lang='grc' dir='ltr'>ιιηιειι</span> <span class='ocrx_word' id='word_1_58' title='bbox 1064 743 1117 770; x_wconf 87' lang='lat' dir='ltr'>ne</span> <span class='ocrx_word' id='word_1_59' title='bbox 1157 744 1256 771; x_wconf 92' lang='lat' dir='ltr'>cum</span> <span class='ocrx_word' id='word_1_60' title='bbox 1293 726 1567 770; x_wconf 82' lang='lat' dir='ltr'>Lachnmnno</span> <span class='ocrx_word' id='word_1_61' title='bbox 1607 739 1777 786; x_wconf 84' lang='lat' dir='ltr'>poetam</span> <span class='ocrx_word' id='word_1_62' title='bbox 1815 742 1955 771; x_wconf 77' lang='lat' dir='ltr'>versus</span> <span class='ocrx_word' id='word_1_63' title='bbox 1994 743 2081 770; x_wconf 90' lang='lat' dir='ltr'>non</span> 
     </span>
     <span class='ocr_line' id='line_1_10' title="bbox 97 786 2082 847; baseline 0 -17"><span class='ocrx_word' id='word_1_64' title='bbox 97 786 248 830; x_wconf 85' lang='lat' dir='ltr'>eodem</span> <span class='ocrx_word' id='word_1_65' title='bbox 281 798 476 844; x_wconf 79' lang='lat' dir='ltr'>tempore</span> <span class='ocrx_word' id='word_1_66' title='bbox 509 803 595 845; x_wconf 84' lang='lat' dir='ltr'>quo</span> <span class='ocrx_word' id='word_1_67' title='bbox 628 787 813 846; x_wconf 84' lang='lat' dir='ltr'>reliquos</span> <span class='ocrx_word' id='word_1_68' title='bbox 844 804 986 847; x_wconf 86' lang='lat' dir='ltr'>neque</span> <span class='ocrx_word' id='word_1_69' title='bbox 1020 804 1070 831; x_wconf 91' lang='lat' dir='ltr'>eo</span> <span class='ocrx_word' id='word_1_70' title='bbox 1103 788 1280 831; x_wconf 84' lang='lat' dir='ltr'>consilio</span> <span class='ocrx_word' id='word_1_71' title='bbox 1313 788 1524 846; x_wconf 79' lang='lat' dir='ltr'>scripsisse</span> <span class='ocrx_word' id='word_1_72' title='bbox 1556 787 1716 842; x_wconf 91' lang='lat' dir='ltr'>dicam,</span> <span class='ocrx_word' id='word_1_73' title='bbox 1764 800 1812 831; x_wconf 89' lang='lat' dir='ltr'>ut</span> <span class='ocrx_word' id='word_1_74' title='bbox 1848 787 1920 831; x_wconf 92' lang='lat' dir='ltr'>hic</span> <span class='ocrx_word' id='word_1_75' title='bbox 1962 789 2082 847; x_wconf 86' lang='lat' dir='ltr'>lege-</span> 
     </span>
     <span class='ocr_line' id='line_1_11' title="bbox 94 847 2082 916; baseline -0.001 -25"><span class='ocrx_word' id='word_1_76' title='bbox 94 861 257 916; x_wconf 81' lang='lat' dir='ltr'>rentur,</span> <span class='ocrx_word' id='word_1_77' title='bbox 288 847 396 890; x_wconf 91' lang='lat' dir='ltr'>haec</span> <span class='ocrx_word' id='word_1_78' title='bbox 427 847 533 889; x_wconf 83' lang='lat' dir='ltr'>mihi</span> <span class='ocrx_word' id='word_1_79' title='bbox 564 850 741 890; x_wconf 85' lang='lat' dir='ltr'>obstant.</span> <span class='ocrx_word' id='word_1_80' title='bbox 820 865 962 907; x_wconf 86' lang='lat' dir='ltr'>neque</span> <span class='ocrx_word' id='word_1_81' title='bbox 1003 866 1088 908; x_wconf 88' lang='lat' dir='ltr'>quo</span> <span class='ocrx_word' id='word_1_82' title='bbox 1131 849 1304 892; x_wconf 86' lang='lat' dir='ltr'>tandem</span> <span class='ocrx_word' id='word_1_83' title='bbox 1334 850 1433 893; x_wconf 89' lang='lat' dir='ltr'>loco</span> <span class='ocrx_word' id='word_1_84' title='bbox 1466 862 1629 908; x_wconf 79' lang='lat' dir='ltr'>praeter</span> <span class='ocrx_word' id='word_1_85' title='bbox 1659 849 1776 892; x_wconf 90' lang='lat' dir='ltr'>hunc</span> <span class='ocrx_word' id='word_1_86' title='bbox 1806 865 1950 892; x_wconf 80' lang='lat' dir='ltr'>versus</span> <span class='ocrx_word' id='word_1_87' title='bbox 1980 865 2082 907; x_wconf 84' lang='lat' dir='ltr'>pom</span> 
     </span>
     <span class='ocr_line' id='line_1_12' title="bbox 90 908 2083 969; baseline -0.001 -17"><span class='ocrx_word' id='word_1_88' title='bbox 90 908 255 969; x_wconf 88' lang='lat' dir='ltr'>possint</span> <span class='ocrx_word' id='word_1_89' title='bbox 285 908 487 968; x_wconf 83' lang='lat' dir='ltr'><strong>intellego</strong></span> <span class='ocrx_word' id='word_1_90' title='bbox 519 924 658 969; x_wconf 86' lang='lat' dir='ltr'>neque</span> <span class='ocrx_word' id='word_1_91' title='bbox 690 908 874 952; x_wconf 89' lang='lat' dir='ltr'>alienum</span> <span class='ocrx_word' id='word_1_92' title='bbox 907 927 929 952; x_wconf 86' lang='lat' dir='ltr'>a</span> <span class='ocrx_word' id='word_1_93' title='bbox 961 923 1110 969; x_wconf 86' lang='lat' dir='ltr'>poetae</span> <span class='ocrx_word' id='word_1_94' title='bbox 1143 909 1450 953; x_wconf 87' lang='lat' dir='ltr'>consuetudine</span> <span class='ocrx_word' id='word_1_95' title='bbox 1482 909 1588 952; x_wconf 84' lang='lat' dir='ltr'>mihi</span> <span class='ocrx_word' id='word_1_96' title='bbox 1618 909 1924 964; x_wconf 72' lang='lat' dir='ltr'>videturesse,</span> <span class='ocrx_word' id='word_1_97' title='bbox 1957 925 2083 952; x_wconf 75' lang='lat' dir='ltr'>enau-</span> 
     </span>
     <span class='ocr_line' id='line_1_13' title="bbox 90 969 2083 1029; baseline 0.001 -17"><span class='ocrx_word' id='word_1_98' title='bbox 90 972 170 1013; x_wconf 80' lang='lat' dir='ltr'>rari</span> <span class='ocrx_word' id='word_1_99' title='bbox 203 969 291 1013; x_wconf 88' lang='lat' dir='ltr'>hoc</span> <span class='ocrx_word' id='word_1_100' title='bbox 321 971 420 1013; x_wconf 89' lang='lat' dir='ltr'>loco</span> <span class='ocrx_word' id='word_1_101' title='bbox 454 988 523 1023; x_wconf 91' lang='lat' dir='ltr'>ea,</span> <span class='ocrx_word' id='word_1_102' title='bbox 556 986 664 1028; x_wconf 86' lang='lat' dir='ltr'>quae</span> <span class='ocrx_word' id='word_1_103' title='bbox 695 970 993 1014; x_wconf 88' lang='lat' dir='ltr'>Lachmannus</span> <span class='ocrx_word' id='word_1_104' title='bbox 1025 971 1170 1029; x_wconf 89' lang='lat' dir='ltr'>inepto</span> <span class='ocrx_word' id='word_1_105' title='bbox 1201 971 1301 1014; x_wconf 90' lang='lat' dir='ltr'>loco</span> <span class='ocrx_word' id='word_1_106' title='bbox 1333 989 1356 1013; x_wconf 90' lang='lat' dir='ltr'>a</span> <span class='ocrx_word' id='word_1_107' title='bbox 1390 972 1597 1015; x_wconf 69' lang='lat' dir='ltr'>Cicefrone</span> <span class='ocrx_word' id='word_1_108' title='bbox 1630 972 1834 1015; x_wconf 87' lang='lat' dir='ltr'>collocata</span> <span class='ocrx_word' id='word_1_109' title='bbox 1866 970 1979 1014; x_wconf 74' lang='lat' dir='ltr'>dicit.</span> <span class='ocrx_word' id='word_1_110' title='bbox 2049 971 2083 1013; x_wconf 88' lang='lat' dir='ltr'>is</span> 
     </span>
     <span class='ocr_line' id='line_1_14' title="bbox 92 1030 2084 1092; baseline -0.001 -17"><span class='ocrx_word' id='word_1_111' title='bbox 92 1030 212 1087; x_wconf 84' lang='lat' dir='ltr'>enim</span> <span class='ocrx_word' id='word_1_112' title='bbox 244 1042 305 1073; x_wconf 86' lang='lat' dir='ltr'>est</span> <span class='ocrx_word' id='word_1_113' title='bbox 335 1030 461 1073; x_wconf 85' lang='lat' dir='ltr'>timor</span> <span class='ocrx_word' id='word_1_114' title='bbox 492 1043 667 1089; x_wconf 85' lang='lat' dir='ltr'>poetae,</span> <span class='ocrx_word' id='word_1_115' title='bbox 697 1048 752 1075; x_wconf 90' lang='lat' dir='ltr'>ne</span> <span class='ocrx_word' id='word_1_116' title='bbox 785 1048 894 1090; x_wconf 83' lang='lat' dir='ltr'>qnae</span> <span class='ocrx_word' id='word_1_117' title='bbox 928 1032 980 1074; x_wconf 88' lang='lat' dir='ltr'>ab</span> <span class='ocrx_word' id='word_1_118' title='bbox 1013 1032 1105 1092; x_wconf 84' lang='lat' dir='ltr'>ipso</span> <span class='ocrx_word' id='word_1_119' title='bbox 1138 1032 1276 1091; x_wconf 87' lang='lat' dir='ltr'>primo</span> <span class='ocrx_word' id='word_1_120' title='bbox 1309 1030 1532 1087; x_wconf 80' lang='lat' dir='ltr'>doceatur,</span> <span class='ocrx_word' id='word_1_121' title='bbox 1563 1031 1790 1075; x_wconf 85' lang='lat' dir='ltr'>Memmius</span> <span class='ocrx_word' id='word_1_122' title='bbox 1814 1031 1951 1074; x_wconf 82' lang='lat' dir='ltr'>minus</span> <span class='ocrx_word' id='word_1_123' title='bbox 1971 1042 2084 1073; x_wconf 78' lang='lat' dir='ltr'>recte</span> 
     </span>
     <span class='ocr_line' id='line_1_15' title="bbox 91 1051 2084 1152; baseline -0.001 -17"><span class='ocrx_word' id='word_1_124' title='bbox 91 1092 329 1150; x_wconf 85' lang='lat' dir='ltr'>intellegat,</span> <span class='ocrx_word' id='word_1_125' title='bbox 371 1107 478 1135; x_wconf 89' lang='lat' dir='ltr'>neve</span> <span class='ocrx_word' id='word_1_126' title='bbox 519 1109 627 1150; x_wconf 90' lang='lat' dir='ltr'>quae</span> <span class='ocrx_word' id='word_1_127' title='bbox 666 1092 736 1135; x_wconf 90' lang='lat' dir='ltr'>alii</span> <span class='ocrx_word' id='word_1_128' title='bbox 773 1051 1040 1151; x_wconf 83' lang='lat' dir='ltr'>philosophi¹</span> <span class='ocrx_word' id='word_1_129' title='bbox 1059 1110 1134 1152; x_wconf 75' lang='lat' dir='ltr'>pen</span> <span class='ocrx_word' id='word_1_130' title='bbox 1135 1110 1298 1136; x_wconf 73' lang='lat' dir='ltr'>suasum</span> <span class='ocrx_word' id='word_1_131' title='bbox 1337 1093 1514 1147; x_wconf 82' lang='lat' dir='ltr'>suerint,</span> <span class='ocrx_word' id='word_1_132' title='bbox 1555 1110 1666 1136; x_wconf 78' lang='lat' dir='ltr'>nova</span> <span class='ocrx_word' id='word_1_133' title='bbox 1707 1092 1867 1136; x_wconf 83' lang='lat' dir='ltr'>ratione</span> <span class='ocrx_word' id='word_1_134' title='bbox 1908 1092 2084 1136; x_wconf 68' lang='lat' dir='ltr'>certiora</span> 
     </span>
     <span class='ocr_line' id='line_1_16' title="bbox 93 1152 2086 1216; baseline -0.001 -19"><span class='ocrx_word' id='word_1_135' title='bbox 93 1169 183 1197; x_wconf 88' lang='lat' dir='ltr'>esse</span> <span class='ocrx_word' id='word_1_136' title='bbox 222 1164 401 1197; x_wconf 87' lang='lat' dir='ltr'>censeat.</span> <span class='ocrx_word' id='word_1_137' title='bbox 481 1152 549 1195; x_wconf 87' lang='lat' dir='ltr'>cui</span> <span class='ocrx_word' id='word_1_138' title='bbox 580 1153 767 1212; x_wconf 79' lang='lat' dir='ltr'>periculo</span> <span class='ocrx_word' id='word_1_139' title='bbox 799 1167 848 1196; x_wconf 89' lang='lat' dir='ltr'>ut</span> <span class='ocrx_word' id='word_1_140' title='bbox 877 1171 1072 1198; x_wconf 74' lang='lat' dir='ltr'>occurrei</span> <span class='ocrx_word' id='word_1_141' title='bbox 1074 1167 1136 1209; x_wconf 90' lang='lat' dir='ltr'>et</span> <span class='ocrx_word' id='word_1_142' title='bbox 1179 1153 1304 1196; x_wconf 80' lang='lat' dir='ltr'>etiam</span> <span class='ocrx_word' id='word_1_143' title='bbox 1343 1171 1415 1197; x_wconf 92' lang='lat' dir='ltr'>eos</span> <span class='ocrx_word' id='word_1_144' title='bbox 1446 1171 1518 1198; x_wconf 73' lang='lat' dir='ltr'>vet</span> <span class='ocrx_word' id='word_1_145' title='bbox 1518 1171 1608 1209; x_wconf 89' lang='lat' dir='ltr'>sus,</span> <span class='ocrx_word' id='word_1_146' title='bbox 1650 1170 1759 1216; x_wconf 84' lang='lat' dir='ltr'>quos</span> <span class='ocrx_word' id='word_1_147' title='bbox 1790 1153 2086 1197; x_wconf 86' lang='lat' dir='ltr'>Lachmaunus</span> 
     </span>
     <span class='ocr_line' id='line_1_17' title="bbox 93 1214 2086 1283; baseline -0.002 -25"><span class='ocrx_word' id='word_1_148' title='bbox 93 1227 236 1268; x_wconf 85' lang='lat' dir='ltr'>notat,</span> <span class='ocrx_word' id='word_1_149' title='bbox 275 1214 362 1257; x_wconf 88' lang='lat' dir='ltr'>hoc</span> <span class='ocrx_word' id='word_1_150' title='bbox 401 1214 501 1257; x_wconf 90' lang='lat' dir='ltr'>loco</span> <span class='ocrx_word' id='word_1_151' title='bbox 541 1214 727 1283; x_wconf 86' lang='lat' dir='ltr'>posuisse</span> <span class='ocrx_word' id='word_1_152' title='bbox 760 1214 866 1257; x_wconf 86' lang='lat' dir='ltr'>mihi</span> <span class='ocrx_word' id='word_1_153' title='bbox 897 1215 1075 1258; x_wconf 80' lang='lat' dir='ltr'>videtur.</span> <span class='ocrx_word' id='word_1_154' title='bbox 1154 1214 1313 1259; x_wconf 79' lang='lat' dir='ltr'>scilicet</span> <span class='ocrx_word' id='word_1_155' title='bbox 1352 1217 1590 1270; x_wconf 79' lang='lat' dir='ltr'>metuebat,</span> <span class='ocrx_word' id='word_1_156' title='bbox 1631 1232 1686 1258; x_wconf 86' lang='lat' dir='ltr'>ne</span> <span class='ocrx_word' id='word_1_157' title='bbox 1721 1231 1830 1274; x_wconf 89' lang='lat' dir='ltr'>quae</span> <span class='ocrx_word' id='word_1_158' title='bbox 1869 1232 1992 1273; x_wconf 76' lang='lat' dir='ltr'>supra</span> <span class='ocrx_word' id='word_1_159' title='bbox 2031 1214 2086 1256; x_wconf 81' lang='lat' dir='ltr'>de</span> 
     </span>
     <span class='ocr_line' id='line_1_18' title="bbox 94 1274 2087 1335; baseline -0.002 -17"><span class='ocrx_word' id='word_1_160' title='bbox 94 1275 234 1319; x_wconf 88' lang='lat' dir='ltr'>anima</span> <span class='ocrx_word' id='word_1_161' title='bbox 265 1290 408 1317; x_wconf 87' lang='lat' dir='ltr'>sensus</span> <span class='ocrx_word' id='word_1_162' title='bbox 440 1275 662 1319; x_wconf 86' lang='lat' dir='ltr'>conciente</span> <span class='ocrx_word' id='word_1_163' title='bbox 696 1274 807 1318; x_wconf 88' lang='lat' dir='ltr'>dicta</span> <span class='ocrx_word' id='word_1_164' title='bbox 841 1289 997 1331; x_wconf 86' lang='lat' dir='ltr'>essent,</span> <span class='ocrx_word' id='word_1_165' title='bbox 1033 1291 1159 1335; x_wconf 82' lang='lat' dir='ltr'>prave</span> <span class='ocrx_word' id='word_1_166' title='bbox 1190 1276 1427 1331; x_wconf 78' lang='lat' dir='ltr'>intellectis,</span> <span class='ocrx_word' id='word_1_167' title='bbox 1460 1292 1615 1334; x_wconf 87' lang='lat' dir='ltr'>corpus</span> <span class='ocrx_word' id='word_1_168' title='bbox 1647 1276 1718 1318; x_wconf 91' lang='lat' dir='ltr'>ille</span> <span class='ocrx_word' id='word_1_169' title='bbox 1744 1275 1901 1319; x_wconf 76' lang='lat' dir='ltr'>dicenet</span> <span class='ocrx_word' id='word_1_170' title='bbox 1927 1276 2087 1317; x_wconf 81' lang='lat' dir='ltr'>insu-u·-</span> 
     </span>
     <span class='ocr_line' id='line_1_19' title="bbox 92 1335 2086 1395; baseline -0.001 -17"><span class='ocrx_word' id='word_1_171' title='bbox 92 1348 287 1379; x_wconf 85' lang='lat' dir='ltr'>mentum</span> <span class='ocrx_word' id='word_1_172' title='bbox 319 1335 436 1393; x_wconf 83' lang='lat' dir='ltr'>quasi</span> <span class='ocrx_word' id='word_1_173' title='bbox 466 1352 575 1390; x_wconf 88' lang='lat' dir='ltr'>esse,</span> <span class='ocrx_word' id='word_1_174' title='bbox 609 1352 696 1394; x_wconf 85' lang='lat' dir='ltr'>quo</span> <span class='ocrx_word' id='word_1_175' title='bbox 728 1336 784 1378; x_wconf 85' lang='lat' dir='ltr'>ita</span> <span class='ocrx_word' id='word_1_176' title='bbox 815 1349 1003 1379; x_wconf 79' lang='lat' dir='ltr'>uteretur</span> <span class='ocrx_word' id='word_1_177' title='bbox 1036 1337 1201 1394; x_wconf 85' lang='lat' dir='ltr'>anima,</span> <span class='ocrx_word' id='word_1_178' title='bbox 1223 1349 1270 1378; x_wconf 89' lang='lat' dir='ltr'>ut</span> <span class='ocrx_word' id='word_1_179' title='bbox 1301 1337 1389 1395; x_wconf 83' lang='lat' dir='ltr'>ipsa</span> <span class='ocrx_word' id='word_1_180' title='bbox 1421 1354 1444 1378; x_wconf 87' lang='lat' dir='ltr'>a</span> <span class='ocrx_word' id='word_1_181' title='bbox 1476 1352 1658 1395; x_wconf 72' lang='lat' dir='ltr'>conpone</span> <span class='ocrx_word' id='word_1_182' title='bbox 1690 1336 1779 1378; x_wconf 86' lang='lat' dir='ltr'>sine</span> <span class='ocrx_word' id='word_1_183' title='bbox 1818 1353 1896 1378; x_wconf 90' lang='lat' dir='ltr'>suo</span> <span class='ocrx_word' id='word_1_184' title='bbox 1929 1335 2086 1378; x_wconf 81' lang='lat' dir='ltr'>damno</span> 
     </span>
     <span class='ocr_line' id='line_1_20' title="bbox 93 1396 2087 1467; baseline -0.001 -28"><span class='ocrx_word' id='word_1_185' title='bbox 93 1396 261 1456; x_wconf 85' lang='lat' dir='ltr'>seiungi</span> <span class='ocrx_word' id='word_1_186' title='bbox 302 1409 455 1457; x_wconf 89' lang='lat' dir='ltr'>posset.</span> <span class='ocrx_word' id='word_1_187' title='bbox 532 1413 612 1440; x_wconf 90' lang='lat' dir='ltr'>nec</span> <span class='ocrx_word' id='word_1_188' title='bbox 653 1413 761 1457; x_wconf 86' lang='lat' dir='ltr'>quae</span> <span class='ocrx_word' id='word_1_189' title='bbox 802 1410 1012 1456; x_wconf 79' lang='lat' dir='ltr'>praeterea</span> <span class='ocrx_word' id='word_1_190' title='bbox 1053 1410 1198 1440; x_wconf 69' lang='lat' dir='ltr'>contia</span> <span class='ocrx_word' id='word_1_191' title='bbox 1234 1396 1531 1441; x_wconf 81' lang='lat' dir='ltr'>Democritum</span> <span class='ocrx_word' id='word_1_192' title='bbox 1571 1396 1795 1467; x_wconf 47' lang='lat' dir='ltr'>disputata·</span> <span class='ocrx_word' id='word_1_193' title='bbox 1807 1412 1928 1456; x_wconf 81' lang='lat' dir='ltr'>repe1</span> <span class='ocrx_word' id='word_1_194' title='bbox 1931 1408 2087 1449; x_wconf 71' lang='lat' dir='ltr'>luntuu,</span> 
     </span>
     <span class='ocr_line' id='line_1_21' title="bbox 93 1455 2087 1517; baseline 0 -18"><span class='ocrx_word' id='word_1_195' title='bbox 93 1458 130 1500; x_wconf 88' lang='lat' dir='ltr'>si</span> <span class='ocrx_word' id='word_1_196' title='bbox 158 1475 351 1517; x_wconf 89' lang='lat' dir='ltr'>unquam</span> <span class='ocrx_word' id='word_1_197' title='bbox 381 1458 570 1501; x_wconf 77' lang='lat' dir='ltr'>dicturus</span> <span class='ocrx_word' id='word_1_198' title='bbox 604 1471 735 1512; x_wconf 85' lang='lat' dir='ltr'>esset,</span> <span class='ocrx_word' id='word_1_199' title='bbox 772 1471 898 1517; x_wconf 90' lang='lat' dir='ltr'>poeta</span> <span class='ocrx_word' id='word_1_200' title='bbox 931 1458 1090 1516; x_wconf 77' lang='lat' dir='ltr'>aptiore</span> <span class='ocrx_word' id='word_1_201' title='bbox 1121 1459 1221 1501; x_wconf 89' lang='lat' dir='ltr'>loco</span> <span class='ocrx_word' id='word_1_202' title='bbox 1254 1455 1397 1501; x_wconf 81' lang='lat' dir='ltr'>dicere</span> <span class='ocrx_word' id='word_1_203' title='bbox 1435 1459 1588 1517; x_wconf 81' lang='lat' dir='ltr'>potuit.</span> <span class='ocrx_word' id='word_1_204' title='bbox 1664 1458 1868 1517; x_wconf 86' lang='lat' dir='ltr'>quoniam</span> <span class='ocrx_word' id='word_1_205' title='bbox 1908 1456 2087 1501; x_wconf 82' lang='lat' dir='ltr'>dicenda</span> 
     </span>
    </p>
   </div>
   <div class='ocr_carea' id='block_1_5' title="bbox 94 1517 2089 1638">
    <p class='ocr_par' dir='ltr' id='par_1_6' title="bbox 95 1517 2089 1638">
     <span class='ocr_line' id='line_1_22' title="bbox 95 1517 2089 1579; baseline -0.002 -17"><span class='ocrx_word' id='word_1_206' title='bbox 95 1530 236 1573; x_wconf 79' lang='lat' dir='ltr'>erant,</span> <span class='ocrx_word' id='word_1_207' title='bbox 282 1517 551 1579; x_wconf 82' lang='lat' dir='ltr'>quadruplici</span> <span class='ocrx_word' id='word_1_208' title='bbox 589 1518 752 1562; x_wconf 88' lang='lat' dir='ltr'>animae</span> <span class='ocrx_word' id='word_1_209' title='bbox 791 1531 938 1562; x_wconf 86' lang='lat' dir='ltr'>natura</span> <span class='ocrx_word' id='word_1_210' title='bbox 971 1517 1175 1577; x_wconf 83' lang='lat' dir='ltr'>exposita,</span> <span class='ocrx_word' id='word_1_211' title='bbox 1208 1530 1436 1579; x_wconf 84' lang='lat' dir='ltr'>antequam</span> <span class='ocrx_word' id='word_1_212' title='bbox 1465 1519 1520 1563; x_wconf 90' lang='lat' dir='ltr'>ad</span> <span class='ocrx_word' id='word_1_213' title='bbox 1550 1518 1813 1563; x_wconf 84' lang='lat' dir='ltr'>refutandam</span> <span class='ocrx_word' id='word_1_214' title='bbox 1844 1518 1971 1562; x_wconf 86' lang='lat' dir='ltr'>animi</span> <span class='ocrx_word' id='word_1_215' title='bbox 2002 1517 2089 1560; x_wconf 85' lang='lat' dir='ltr'>im-</span> 
     </span>
     <span class='ocr_line' id='line_1_23' title="bbox 94 1578 889 1638; baseline -0.004 -14.804"><span class='ocrx_word' id='word_1_216' title='bbox 94 1578 396 1623; x_wconf 84' lang='lat' dir='ltr'>mortalitatem</span> <span class='ocrx_word' id='word_1_217' title='bbox 425 1591 619 1638; x_wconf 74' lang='lat' dir='ltr'>pet-geret</span> <span class='ocrx_word' id='word_1_218' title='bbox 650 1578 889 1638; x_wconf 84' lang='lat' dir='ltr'>disputatio.</span> 
     </span>
    </p>
   </div>
   <div class='ocr_carea' id='block_1_6' title="bbox 95 1697 2089 1821">
    <p class='ocr_par' dir='ltr' id='par_1_7' title="bbox 95 1697 2089 1821">
     <span class='ocr_line' id='line_1_24' title="bbox 235 1697 2089 1759; baseline -0.002 -17"><span class='ocrx_word' id='word_1_219' title='bbox 235 1700 425 1743; x_wconf 87' lang='lat' dir='ltr'>Tantum</span> <span class='ocrx_word' id='word_1_220' title='bbox 466 1700 594 1759; x_wconf 78' lang='lat' dir='ltr'>igitur</span> <span class='ocrx_word' id='word_1_221' title='bbox 636 1700 764 1742; x_wconf 89' lang='lat' dir='ltr'>etiam</span> <span class='ocrx_word' id='word_1_222' title='bbox 805 1699 894 1742; x_wconf 88' lang='lat' dir='ltr'>hoc</span> <span class='ocrx_word' id='word_1_223' title='bbox 932 1700 1031 1741; x_wconf 91' lang='lat' dir='ltr'>loco</span> <span class='ocrx_word' id='word_1_224' title='bbox 1067 1697 1302 1741; x_wconf 86' lang='lat' dir='ltr'>concedam</span> <span class='ocrx_word' id='word_1_225' title='bbox 1333 1699 1631 1754; x_wconf 89' lang='lat' dir='ltr'>Lachmanno,</span> <span class='ocrx_word' id='word_1_226' title='bbox 1672 1711 1721 1742; x_wconf 83' lang='lat' dir='ltr'>ut</span> <span class='ocrx_word' id='word_1_227' title='bbox 1752 1712 1939 1758; x_wconf 85' lang='lat' dir='ltr'>poetam,</span> <span class='ocrx_word' id='word_1_228' title='bbox 1982 1714 2089 1757; x_wconf 87' lang='lat' dir='ltr'>quae</span> 
     </span>
     <span class='ocr_line' id='line_1_25' title="bbox 95 1759 1906 1821; baseline -0.001 -17"><span class='ocrx_word' id='word_1_229' title='bbox 95 1761 348 1821; x_wconf 82' lang='lat' dir='ltr'>scripsisset,</span> <span class='ocrx_word' id='word_1_230' title='bbox 379 1762 415 1805; x_wconf 89' lang='lat' dir='ltr'>si</span> <span class='ocrx_word' id='word_1_231' title='bbox 447 1773 668 1805; x_wconf 81' lang='lat' dir='ltr'>retractare</span> <span class='ocrx_word' id='word_1_232' title='bbox 699 1772 844 1820; x_wconf 86' lang='lat' dir='ltr'>postea</span> <span class='ocrx_word' id='word_1_233' title='bbox 874 1760 1080 1815; x_wconf 87' lang='lat' dir='ltr'>licuisset,</span> <span class='ocrx_word' id='word_1_234' title='bbox 1112 1759 1247 1819; x_wconf 84' lang='lat' dir='ltr'>aptius</span> <span class='ocrx_word' id='word_1_235' title='bbox 1278 1760 1565 1804; x_wconf 80' lang='lat' dir='ltr'>instituturum</span> <span class='ocrx_word' id='word_1_236' title='bbox 1595 1761 1721 1804; x_wconf 80' lang='lat' dir='ltr'>fuisse</span> <span class='ocrx_word' id='word_1_237' title='bbox 1755 1759 1906 1803; x_wconf 88' lang='lat' dir='ltr'>dicam.</span> 
     </span>
    </p>
   </div>
   <div class='ocr_carea' id='block_1_7' title="bbox 714 1886 1488 1903">
    <p class='ocr_par' dir='ltr' id='par_1_8' title="bbox 714 1886 1488 1903">
     <span class='ocr_line' id='line_1_26' title="bbox 714 1886 1488 1903; baseline 0 0"><span class='ocrx_word' id='word_1_238' title='bbox 714 1886 1488 1903; x_wconf 95' lang='lat' dir='ltr'> </span> 
     </span>
    </p>
   </div>
   <div class='ocr_carea' id='block_1_8' title="bbox 297 1960 1159 2034">
    <p class='ocr_par' dir='ltr' id='par_1_9' title="bbox 297 1960 1159 2034">
     <span class='ocr_line' id='line_1_27' title="bbox 297 1960 1159 2034; baseline 0 -14"><span class='ocrx_word' id='word_1_239' title='bbox 297 1976 390 2021; x_wconf 89' lang='lat' dir='ltr'>Lib.</span> <span class='ocrx_word' id='word_1_240' title='bbox 422 1976 508 2034; x_wconf 81' lang='lat' dir='ltr'>III,</span> <span class='ocrx_word' id='word_1_241' title='bbox 547 1994 587 2021; x_wconf 82' lang='lat' dir='ltr'>v.</span> <span class='ocrx_word' id='word_1_242' title='bbox 619 1975 742 2021; x_wconf 81' lang='lat'>1024</span> <span class='ocrx_word' id='word_1_243' title='bbox 779 1988 858 2020; x_wconf 88' lang='lat' dir='ltr'>cet.</span> <span class='ocrx_word' id='word_1_244' title='bbox 896 1976 1004 2021; x_wconf 90' lang='lat' dir='ltr'>haec</span> <span class='ocrx_word' id='word_1_245' title='bbox 1032 1960 1159 2020; x_wconf 87' lang='lat' dir='ltr'>sunt:</span> 
     </span>
    </p>
   </div>
   <div class='ocr_carea' id='block_1_9' title="bbox 350 2072 1938 2708">
    <p class='ocr_par' dir='ltr' id='par_1_10' title="bbox 604 2072 1719 2138">
     <span class='ocr_line' id='line_1_28' title="bbox 604 2072 1719 2138; baseline -0.003 -16"><span class='ocrx_word' id='word_1_246' title='bbox 604 2077 704 2122; x_wconf 90' lang='lat' dir='ltr'>Hoc</span> <span class='ocrx_word' id='word_1_247' title='bbox 737 2077 862 2121; x_wconf 87' lang='lat' dir='ltr'>etiam</span> <span class='ocrx_word' id='word_1_248' title='bbox 893 2078 972 2121; x_wconf 84' lang='lat' dir='ltr'>tibi</span> <span class='ocrx_word' id='word_1_249' title='bbox 1003 2089 1091 2121; x_wconf 84' lang='lat' dir='ltr'>tute</span> <span class='ocrx_word' id='word_1_250' title='bbox 1122 2077 1231 2120; x_wconf 84' lang='lat' dir='ltr'>inter</span> <span class='ocrx_word' id='word_1_251' title='bbox 1262 2075 1368 2121; x_wconf 91' lang='lat' dir='ltr'>dum</span> <span class='ocrx_word' id='word_1_252' title='bbox 1400 2072 1542 2121; x_wconf 79' lang='lat' dir='ltr'>dicere</span> <span class='ocrx_word' id='word_1_253' title='bbox 1575 2076 1719 2138; x_wconf 86' lang='lat' dir='ltr'>possis.</span> 
     </span>
    </p>

    <p class='ocr_par' dir='ltr' id='par_1_11' title="bbox 352 2148 1671 2207">
     <span class='ocr_line' id='line_1_29' title="bbox 352 2148 1671 2207; baseline -0.002 -14"><span class='ocrx_word' id='word_1_254' title='bbox 352 2149 473 2193; x_wconf 85' lang='lat'>1025</span> <span class='ocrx_word' id='word_1_255' title='bbox 537 2148 698 2191; x_wconf 84' lang='lat' dir='ltr'>lumina</span> <span class='ocrx_word' id='word_1_256' title='bbox 729 2148 784 2191; x_wconf 92' lang='lat' dir='ltr'>sis</span> <span class='ocrx_word' id='word_1_257' title='bbox 816 2149 952 2192; x_wconf 88' lang='lat' dir='ltr'>oculis</span> <span class='ocrx_word' id='word_1_258' title='bbox 985 2148 1104 2191; x_wconf 89' lang='lat' dir='ltr'>etiam</span> <span class='ocrx_word' id='word_1_259' title='bbox 1137 2148 1275 2191; x_wconf 87' lang='lat' dir='ltr'>bonus</span> <span class='ocrx_word' id='word_1_260' title='bbox 1306 2148 1448 2190; x_wconf 89' lang='lat' dir='ltr'>Ancu’</span> <span class='ocrx_word' id='word_1_261' title='bbox 1479 2148 1671 2207; x_wconf 81' lang='lat' dir='ltr'>reliquit3</span> 
     </span>
    </p>

    <p class='ocr_par' dir='ltr' id='par_1_12' title="bbox 535 2218 1753 2278">
     <span class='ocr_line' id='line_1_30' title="bbox 535 2218 1753 2278; baseline -0.002 -16"><span class='ocrx_word' id='word_1_262' title='bbox 535 2219 611 2278; x_wconf 87' lang='lat' dir='ltr'>qui</span> <span class='ocrx_word' id='word_1_263' title='bbox 642 2219 794 2262; x_wconf 81' lang='lat' dir='ltr'>melior</span> <span class='ocrx_word' id='word_1_264' title='bbox 824 2219 967 2261; x_wconf 89' lang='lat' dir='ltr'>multis</span> <span class='ocrx_word' id='word_1_265' title='bbox 1000 2235 1125 2278; x_wconf 88' lang='lat' dir='ltr'>quam</span> <span class='ocrx_word' id='word_1_266' title='bbox 1157 2230 1205 2260; x_wconf 88' lang='lat' dir='ltr'>tu</span> <span class='ocrx_word' id='word_1_267' title='bbox 1235 2218 1334 2273; x_wconf 81' lang='lat' dir='ltr'>fuit,</span> <span class='ocrx_word' id='word_1_268' title='bbox 1365 2218 1586 2277; x_wconf 78' lang='lat' dir='ltr'>improbe,</span> <span class='ocrx_word' id='word_1_269' title='bbox 1618 2219 1753 2262; x_wconf 85' lang='lat' dir='ltr'>rebus.</span> 
     </span>
    </p>

    <p class='ocr_par' dir='ltr' id='par_1_13' title="bbox 531 2289 1526 2350">
     <span class='ocr_line' id='line_1_31' title="bbox 531 2289 1526 2350; baseline 0 -16"><span class='ocrx_word' id='word_1_270' title='bbox 531 2289 634 2334; x_wconf 90' lang='lat' dir='ltr'>inde</span> <span class='ocrx_word' id='word_1_271' title='bbox 667 2289 737 2333; x_wconf 87' lang='lat' dir='ltr'>alii</span> <span class='ocrx_word' id='word_1_272' title='bbox 768 2289 892 2333; x_wconf 91' lang='lat' dir='ltr'>multi</span> <span class='ocrx_word' id='word_1_273' title='bbox 924 2303 1045 2349; x_wconf 85' lang='lat' dir='ltr'>reges</span> <span class='ocrx_word' id='word_1_274' title='bbox 1076 2306 1301 2350; x_wconf 77' lang='lat' dir='ltr'>rerumque</span> <span class='ocrx_word' id='word_1_275' title='bbox 1332 2302 1526 2349; x_wconf 87' lang='lat' dir='ltr'>potentes</span> 
     </span>
    </p>

    <p class='ocr_par' dir='ltr' id='par_1_14' title="bbox 536 2360 1667 2420">
     <span class='ocr_line' id='line_1_32' title="bbox 536 2360 1667 2420; baseline -0.002 -15"><span class='ocrx_word' id='word_1_276' title='bbox 536 2360 809 2416; x_wconf 81' lang='lat' dir='ltr'>occiderunt,</span> <span class='ocrx_word' id='word_1_277' title='bbox 841 2360 1004 2420; x_wconf 85' lang='lat' dir='ltr'>magnis</span> <span class='ocrx_word' id='word_1_278' title='bbox 1036 2361 1108 2420; x_wconf 91' lang='lat' dir='ltr'>qui</span> <span class='ocrx_word' id='word_1_279' title='bbox 1138 2360 1332 2419; x_wconf 84' lang='lat' dir='ltr'>gentibus</span> <span class='ocrx_word' id='word_1_280' title='bbox 1363 2360 1667 2420; x_wconf 76' lang='lat' dir='ltr'>imperitarunt.</span> 
     </span>
    </p>

    <p class='ocr_par' dir='ltr' id='par_1_15' title="bbox 350 2431 1938 2563">
     <span class='ocr_line' id='line_1_33' title="bbox 534 2431 1938 2492; baseline -0.001 -17"><span class='ocrx_word' id='word_1_281' title='bbox 534 2433 605 2475; x_wconf 87' lang='lat' dir='ltr'>ille</span> <span class='ocrx_word' id='word_1_282' title='bbox 637 2448 814 2492; x_wconf 90' lang='lat' dir='ltr'>quoque</span> <span class='ocrx_word' id='word_1_283' title='bbox 845 2432 956 2492; x_wconf 86' lang='lat' dir='ltr'>ipse,</span> <span class='ocrx_word' id='word_1_284' title='bbox 988 2432 1095 2474; x_wconf 84' lang='lat' dir='ltr'>viam</span> <span class='ocrx_word' id='word_1_285' title='bbox 1127 2431 1202 2491; x_wconf 90' lang='lat' dir='ltr'>qui</span> <span class='ocrx_word' id='word_1_286' title='bbox 1234 2431 1454 2491; x_wconf 86' lang='lat' dir='ltr'>quondam</span> <span class='ocrx_word' id='word_1_287' title='bbox 1485 2449 1561 2491; x_wconf 85' lang='lat' dir='ltr'>per</span> <span class='ocrx_word' id='word_1_288' title='bbox 1591 2445 1708 2473; x_wconf 88' lang='lat' dir='ltr'>mare</span> <span class='ocrx_word' id='word_1_289' title='bbox 1739 2447 1938 2492; x_wconf 84' lang='lat' dir='ltr'>magnum</span> 
     </span>
     <span class='ocr_line' id='line_1_34' title="bbox 350 2502 1662 2563; baseline -0.003 -14"><span class='ocrx_word' id='word_1_290' title='bbox 350 2505 478 2550; x_wconf 87' lang='lat'>1030</span> <span class='ocrx_word' id='word_1_291' title='bbox 541 2503 685 2547; x_wconf 85' lang='lat' dir='ltr'>stravit</span> <span class='ocrx_word' id='word_1_292' title='bbox 714 2504 880 2563; x_wconf 81' lang='lat' dir='ltr'>iterque</span> <span class='ocrx_word' id='word_1_293' title='bbox 912 2502 1032 2548; x_wconf 91' lang='lat' dir='ltr'>dedit</span> <span class='ocrx_word' id='word_1_294' title='bbox 1060 2503 1300 2563; x_wconf 85' lang='lat' dir='ltr'>legionibus</span> <span class='ocrx_word' id='word_1_295' title='bbox 1331 2502 1392 2546; x_wconf 83' lang='lat' dir='ltr'>ire</span> <span class='ocrx_word' id='word_1_296' title='bbox 1422 2520 1499 2562; x_wconf 83' lang='lat' dir='ltr'>per</span> <span class='ocrx_word' id='word_1_297' title='bbox 1532 2502 1662 2546; x_wconf 81' lang='lat' dir='ltr'>altum</span> 
     </span>
    </p>

    <p class='ocr_par' dir='ltr' id='par_1_16' title="bbox 533 2570 1623 2637">
     <span class='ocr_line' id='line_1_35' title="bbox 533 2570 1623 2637; baseline -0.002 -18"><span class='ocrx_word' id='word_1_298' title='bbox 533 2590 583 2619; x_wconf 89' lang='lat' dir='ltr'>ac</span> <span class='ocrx_word' id='word_1_299' title='bbox 613 2573 796 2634; x_wconf 86' lang='lat' dir='ltr'>pedibus</span> <span class='ocrx_word' id='word_1_300' title='bbox 828 2574 954 2617; x_wconf 87' lang='lat' dir='ltr'>salsas</span> <span class='ocrx_word' id='word_1_301' title='bbox 986 2573 1132 2617; x_wconf 82' lang='lat' dir='ltr'>docuit</span> <span class='ocrx_word' id='word_1_302' title='bbox 1161 2588 1287 2635; x_wconf 81' lang='lat' dir='ltr'>super</span> <span class='ocrx_word' id='word_1_303' title='bbox 1317 2573 1378 2617; x_wconf 87' lang='lat' dir='ltr'>ire</span> <span class='ocrx_word' id='word_1_304' title='bbox 1408 2570 1578 2619; x_wconf 82' lang='lat' dir='ltr'>lacunas</span> <span class='ocrx_word' id='word_1_305' title='bbox 1616 2619 1623 2637; x_wconf 27' lang='lat'>‚¹</span> 
     </span>
    </p>

    <p class='ocr_par' dir='ltr' id='par_1_17' title="bbox 533 2638 1652 2708">
     <span class='ocr_line' id='line_1_36' title="bbox 533 2638 1652 2708; baseline -0.001 -18"><span class='ocrx_word' id='word_1_306' title='bbox 533 2658 576 2691; x_wconf 85' lang='lat' dir='ltr'>et</span> <span class='ocrx_word' id='word_1_307' title='bbox 607 2645 861 2707; x_wconf 76' lang='lat' dir='ltr'>contempsit</span> <span class='ocrx_word' id='word_1_308' title='bbox 893 2646 1012 2708; x_wconf 86' lang='lat' dir='ltr'>equis</span> <span class='ocrx_word' id='word_1_309' title='bbox 1043 2645 1241 2691; x_wconf 82' lang='lat' dir='ltr'>insultans</span> <span class='ocrx_word' id='word_1_310' title='bbox 1272 2661 1488 2690; x_wconf 83' lang='lat' dir='ltr'>murmura</span> <span class='ocrx_word' id='word_1_311' title='bbox 1517 2638 1652 2704; x_wconf 85' lang='lat' dir='ltr'>ponti,</span> 
     </span>
    </p>
   </div>
  </div>
 </body>
</html>
