2242 3051
954 105 1239 146 -fi-

316 198 409 243 530
434 188 437 190 ’
471 214 523 242 ex
554 197 722 241 infinito
753 215 965 242 summam
995 211 1137 242 rerum
1167 194 1302 259 usqne
1333 210 1476 243 tenere

468 268 662 329 undique
693 271 859 329 protelo
890 270 1107 329 plagarum
1137 270 1395 314 continuato.

404 371 408 374 -
468 357 571 385 ιιιιιιι
601 340 722 402 quod
752 358 842 385 rara
872 340 990 410 vides
1020 341 1153 402 magis
1183 357 1271 386 esse
1303 341 1497 385 animalia
1528 305 1747 403 quaedam
1768 354 1846 387 cet.

192 461 284 515 Qui
312 463 548 508 accuratius
574 480 667 508 rem
698 464 932 508 examinare
967 463 1164 518 voluerit,
1196 478 1294 507 eum
1319 479 1408 507 non
1436 463 1648 521 dubitare·
1660 481 1784 526 posse
1815 464 1919 509 dicit
1943 464 2089 510 Lach-

97 506 294 581 mannus,
324 524 441 585 quin
438 526 635 569 versibus
667 526 758 570 529
773 552 837 561 -—-
854 528 938 569 531
975 525 1090 569 idem
1122 538 1247 586 atque
1268 516 1465 569 versibus
1497 529 1586 571 522
1603 550 1665 561 ·-
1681 527 1772 571 528
1803 544 1827 570 a
1857 538 1981 586 poeta
2007 543 2090 572 ex·-

98 599 299 647 ponatur:
329 586 387 629 ita
417 599 584 642 tamen,
615 599 664 630 ut
685 603 809 631 versu
831 589 921 631 522
947 598 1026 631 eet.
1058 587 1312 630 luculentius
1335 602 1424 630 rem
1450 586 1583 647 egisse
1604 588 1676 632 ille
1689 544 1889 633 videatui'.
1922 577 2090 639 Quibus

99 648 237 693 verbis
276 664 383 707 quae
425 665 658 708 repugnare
686 650 858 703 dicam,
901 665 1144 708 quanquam
1188 650 1276 691 fene
1307 653 1395 691 non
1426 648 1588 705 habeo,
1623 668 1678 694 ne
1709 650 1798 693 sine
1830 648 2102 693 dubitatione·

101 723 202 753 eum
231 709 509 753 Lachmanno
541 710 818 765 consentiam,
851 726 904 754 eo
933 710 1182 769 prohibeor,
1215 710 1334 769 quod
1364 724 1484 753 secus
1516 723 1642 770 atque
1673 710 1985 765 Lachmannus,
2017 709 2097 769 qui,

98 771 350 830 protinus
383 787 539 831 neque,
571 771 732 830 quod
721 789 765 814 m
796 771 912 815 libris
944 783 1020 826 est,
1051 771 1295 814 versibus
1327 787 1363 813 v.
1383 772 1474 814 529
1506 772 1632 815 scribi
1667 772 1806 826 iubet,
1849 788 1948 814 cum
1982 771 2091 813 Ber-

100 831 245 893 naysio
279 832 429 876 deesse
460 833 662 876 nonnulla
702 845 797 875 ante
829 849 994 876 versum
1029 830 1117 876 529
1149 831 1373 875 statuerim.
1437 832 1592 904 quibus
1624 832 1824 894 quidem,
1863 848 1969 892 quae
2007 832 2091 875 iam

101 892 343 948 offendant,
376 911 398 936 a
430 894 628 937 Lucretio
661 894 754 937 tolli
785 910 873 937 non
906 894 1110 952 potuisse,
1163 894 1257 953 quis
1293 905 1353 935 est
1385 911 1459 954 qul
1489 896 1653 938 latione
1685 907 1798 938 centa
1837 891 2090 938 confirmet?

247 1006 382 1068 Quod
412 1006 618 1048 Christius
649 1006 870 1064 proposuit
900 1006 988 1048 hoc
1017 1007 1136 1048 loco:
1168 1022 1291 1060 „nec
1322 1022 1449 1049 secu
1459 1012 1520 1060 s“,
1551 1023 1627 1049 cur
1650 1024 1672 1048 a
1691 1004 1885 1049 Lucretio
1911 1006 2088 1048 omnino

99 1065 230 1111 scribi
258 1084 348 1109 non
379 1079 531 1125 potuei
533 1079 605 1120 ιι,
617 1082 692 1125 per
721 1084 765 1110 se
798 1079 979 1125 apparet.
1037 1067 1182 1125 profer
1184 1078 1229 1110 to
1261 1083 1315 1110 ne
1346 1066 1484 1110 inania
1525 1082 1571 1110 se
1610 1061 1840 1111 coniecisse
1876 1066 2087 1126 Ριοάειει,

100 1142 126 1170 a
156 1126 434 1171 lachmann
468 1126 524 1170 de
555 1140 707 1186 po'etae
741 1143 868 1187 opera
899 1126 987 1171 hoc
1017 1127 1117 1170 loco
1151 1127 1289 1170 minus
1329 1140 1443 1171 recte
1474 1124 1731 1187 disputatum
1764 1143 1871 1183 esse,
1910 1127 2090 1170 debebat

98 1187 170 1232 ille
199 1204 427 1247 exponere.
453 1206 455 1209 ⁴
490 1203 632 1247 neque
661 1204 769 1248 quae
801 1187 856 1232 de
885 1187 952 1231 his
983 1190 1172 1232 versibus
1204 1187 1500 1248 Bernhardyus
1530 1191 1657 1232 verba
1686 1189 1810 1244 fecit,
1842 1206 1889 1232 ea
1918 1188 1971 1231 ad
2000 1204 2088 1230 rem

98 1248 323 1308 pertinent.
385 1250 480 1310 qui,
521 1250 641 1309 quod
680 1248 903 1293 exercendi
935 1266 1057 1291 causa
1088 1267 1110 1291 a
1143 1262 1268 1309 poeta
1300 1266 1441 1293 versus
1472 1262 1619 1308 pactos
1652 1266 1740 1293 esse
1779 1250 1907 1304 dixit,
1947 1248 2091 1293 Lach-

98 1310 246 1356 manni
277 1328 383 1372 quae
414 1324 521 1356 esset
551 1311 607 1355 de
640 1311 697 1355 eis
727 1310 952 1366 sententia,
994 1328 1142 1371 parum
1175 1311 1422 1371 cognovisse
1453 1311 1654 1356 videatur.
1985 1331 1987 1333 ·

244 1514 314 1558 De
343 1516 469 1559 tertio
499 1516 626 1571 loco,
670 1532 758 1577 quo
789 1515 1086 1559 Lachmannus
1117 1514 1327 1567 Quintum
1358 1514 1609 1558 Ciceronem
1646 1514 1690 1557 in
1732 1513 1907 1558 edendis
1939 1513 2092 1556 carmi-

102 1577 230 1621 nibus
259 1577 401 1619 minus
434 1577 653 1620 curiosum
682 1576 813 1620 fuisse
845 1577 1068 1636 probabat,
1101 1593 1200 1619 cum
1232 1576 1276 1618 in
1310 1593 1483 1621 censura
1509 1575 1702 1619 editionis
1726 1576 2090 1619 Lachmannianae

104 1637 277 1699 copiose
302 1636 602 1692 disseruerim,
644 1637 779 1682 brevis
812 1638 894 1680 iam
923 1649 983 1679 est
1014 1636 1251 1696 disputatio.

242 1751 309 1794 De
324 1750 514 1793 versibus
534 1751 652 1795 1013
670 1775 729 1783 --
752 1752 869 1796 1105
881 1782 893 1803 ,
925 1766 1026 1792 cnm
1043 1749 1249 1792 emblema
1264 1747 1423 1791 diceret
1442 1762 1546 1801 esse,
1561 1747 1855 1790 Lachmaunus
1871 1759 2093 1806 propterca

105 1812 246 1855 minus
278 1823 393 1853 recte
425 1810 529 1853 mihi
562 1810 767 1853 iudicasse
797 1810 1037 1878 videbatur,
1070 1809 1189 1869 quod
1204 1825 1347 1852 versus
1367 1809 1484 1851 1013
1504 1834 1562 1842 -
1583 1810 1725 1863 1022,
1755 1809 1963 1867 quidquid
1985 1824 2095 1851 con-

106 1885 166 1916 tra
197 1872 267 1915 ille
297 1871 479 1927 diceret,
520 1889 541 1914 a
575 1870 923 1930 praecedentibus
954 1870 1117 1929 seiungi
1147 1870 1267 1913 nullo
1300 1868 1433 1913 modo
1465 1881 1636 1928 possent
1666 1885 1805 1938 neque
1840 1887 1938 1913 cum
1969 1886 2094 1913 versu

110 1935 253 1987 1012,
286 1950 308 1974 a
340 1949 427 1991 quo
459 1945 604 1990 aptum
636 1948 724 1974 esse
755 1932 890 1975 voluit
912 1931 975 1973 vir
998 1930 1283 1985 doctissimus,
1316 1930 1404 1972 sine
1428 1930 1619 1972 molestia
1649 1930 1971 1988 coniungeretur
1995 1946 2094 1972 ver-—

106 2010 177 2037 sus
214 1966 344 2038 1’105.
407 1992 514 2053 quid
544 1992 665 2052 quod
695 1992 895 2037 absolutis
928 1992 1007 2047 eis,
1051 2008 1161 2052 quae
1200 1990 1256 2034 de
1294 2003 1531 2035 atomorum
1563 2002 1704 2045 motu,
1740 1990 1907 2049 figuris,
1950 2003 2094 2033 natura

107 2055 285 2108 coloris,
316 2054 479 2109 odoris,
511 2054 693 2113 saporis,
723 2071 927 2098 sensuum
957 2053 1119 2111 experti
1150 2053 1360 2112 disputare
1391 2051 1653 2105 instituisset,
1684 2063 1853 2110 poetam
1885 2051 1990 2094 duas
2016 2068 2096 2095 ex-

105 2115 234 2174 posui
272 2114 486 2158 addidisse
525 2115 843 2173 disp-nationes,
875 2116 1045 2157 alteram
1075 2114 1261 2157 versibus
1296 2115 1413 2157 1023
1441 2137 1502 2146 -
1531 2113 1674 2166 1104,
1712 2113 1883 2155 alteram
1910 2113 2095 2158 versibus

111 2176 230 2220 1105
248 2201 311 2209 —-
332 2176 453 2222 1174
485 2188 733 2230 enarratam,
766 2190 874 2235 quae
903 2176 959 2218 ita
989 2174 1097 2217 iuter
1126 2190 1170 2217 se
1204 2172 1495 2229 cohaererent,
1534 2185 1582 2215 ut
1619 2189 1718 2215 cuni
1749 2172 2096 2231 praecedentibus

110 2250 257 2280 neutra
289 2237 424 2295 aptius
456 2237 583 2279 altera
614 2236 815 2295 coniungi
846 2248 1002 2296 posset.

251 2431 299 2474 In
332 2430 455 2473 tertio
486 2431 595 2474 libro
627 2429 717 2474 eius
749 2429 1064 2489 disputationis,
1096 2446 1222 2499 quam
1252 2428 1429 2488 legimus
1455 2445 1493 2471 v.
1518 2427 1612 2471 350
1629 2453 1687 2461 —
1705 2424 1811 2481 395,
1851 2442 1948 2470 cum
1972 2442 2100 2486 prae·-

116 2491 364 2536 cedentibus
395 2492 553 2534 tantula
585 2491 692 2534 mihi
715 2491 890 2535 videtur
920 2505 1010 2534 esse
1043 2489 1312 2544 coniunctio,
1343 2502 1415 2545 ·‚ut
1452 2502 1560 2549 quae
1602 2495 1747 2531 contra
1779 2487 2100 2531 Lachmannum

115 2553 274 2608 diram,
308 2570 362 2596 ne
390 2552 463 2596 hic
495 2552 672 2622 quidem
703 2554 834 2596 multa
864 2564 1030 2611 praesto
1061 2551 1152 2595 sint.
1200 2550 1302 2604 Qui,
1334 2568 1435 2595 cum
1455 2550 1518 2593 de
1534 2562 1663 2593 versu
1685 2547 1775 2592 396
1799 2562 1880 2592 cet.
1904 2549 2099 2608 disputat,

115 2613 190 2670 „hi
220 2620 399 2669 versus“‚
439 2613 598 2674 inquit,
639 2625 711 2670 „et
725 2631 824 2684 “pu
852 2630 977 2658 *eum
991 2622 1202 2669 secuntur
1233 2611 1381 2672 viginti
1419 2628 1472 2657 ex
1507 2609 1722 2670 prioribus
1762 2626 1851 2653 non
1891 2610 1985 2653 satis
2016 2609 2101 2669 apti

116 2689 233 2720 sunt:
269 2676 345 2719 sed
370 2647 502 2719 iidem
532 2676 568 2718 si
600 2675 738 2720 versui
770 2674 860 2721 349
892 2675 1097 2725 οοιιῑίιιιιθ
1121 2674 1411 2730 subicientur,
1449 2671 1594 2717 omnia
1618 2671 1965 2722 ¹otwizmodissime
1995 2687 2101 2730 pro—
