2242 3051
961 124 1246 163 ..7-

114 218 277 263 cedent.
339 234 423 278 qua
455 228 628 276 propter
653 229 816 287 «senno,
847 228 1016 275 poetam
1037 232 1111 287 ea,
1139 232 1249 277 quae
1274 216 1340 259 his
1362 215 1579 261 interiecta
1594 229 1711 272 sunt,
1743 217 1898 276 quibus
1912 216 2094 263 aliorum

114 277 465 339 philosophorum
495 278 716 322 sententias
747 280 923 333 refutat,
962 277 1178 338 scripsisse
1216 278 1390 337 quidem
1429 278 1505 322 sed
1539 294 1680 340 neque
1713 278 1866 323 eodem
1896 290 2091 339 tempore

114 356 255 405 neque
286 356 337 384 eo
370 339 568 394 consilio,
612 352 662 382 ut
689 340 776 383 hoc
805 340 904 383 loco
936 352 1252 399 reponerentur
1252 346 1278 367 “

249 442 379 502 Poeta
411 441 546 496 enim,
579 457 685 493 cum
707 441 834 485 tertio
864 441 973 484 libro
1004 442 1200 484 mortales
1230 457 1317 485 esse
1349 441 1532 484 animam
1563 453 1605 484 et
1628 440 1815 483 animum
1838 441 2091 500 persuadere

113 500 416 563 constituisset,
444 516 553 562 qnae
583 502 799 563 utriusque
830 514 955 548 esset
967 514 1133 572 natura,
1166 502 1282 562 prius
1313 502 1516 561 exposuit.
1552 515 1713 562 partem
1735 518 1823 546 esse
1859 502 1964 547 dixit
1988 519 2091 547 eot-

69 563 225 624 pons
256 564 439 607 animam
471 579 803 632 corporeamque
835 580 921 606 esse
954 564 1040 606 eius
1071 576 1281 618 naturam,
1311 564 1584 606 subtilissimis
1616 564 1879 633 corpusculis
1906 580 2097 623 compo-

113 626 249 681 sitam,
281 625 335 668 ita
366 637 414 667 ιιι
445 623 620 679 colonis,
653 641 797 696 aurae,
830 624 934 668 aeris
966 625 1212 683 corpuscula
1245 642 1342 668 cnm
1375 637 1521 684 (planta
1553 624 1908 684 coniungerentur
1931 638 2090 680 namra,

114 704 222 747 quae
261 686 443 750 nominis
485 702 628 744 expens
668 688 796 730 animi
836 687 952 746 quasi
992 688 1153 729 animus
1193 686 1278 730 dici
1318 699 1471 745 posset.
1538 703 1680 746 neque
1719 686 1943 730 residere
1930 703 1975 730 ιιι
2005 688 2090 731 vita

115 765 233 808 posse
265 747 354 791 sine
386 763 563 806 corpore
594 748 794 818 animam,
835 763 975 807 neque
1005 749 1094 790 sine
1124 748 1261 790 anima
1302 764 1469 806 eorpus.
1532 747 1721 790 animum
1751 764 1850 792 vero
1881 748 1936 792 ad
1961 748 2090 792 vitam

113 826 201 866 csse
233 802 585 866 dominantior-em
616 810 751 853 anima
784 821 919 863 tanto,
960 822 1008 852 ιιι
1038 809 1242 868 ademptis
1272 809 1488 852 nonnullis
1519 809 1679 853 animae
1709 809 1917 868 partibuS,
1954 808 2089 854 modo

111 870 273 917 animus
304 871 439 914 saluts
472 882 599 925 esset,
639 870 681 913 in
713 871 794 914 vita
826 882 996 914 restaret
1024 870 1171 913 homo.

227 972 353 1015 Ilaec
386 989 512 1030 quam
543 972 771 1030 praeclare
782 970 859 1014 alia
891 987 940 1014 ex
972 971 1061 1014 aliis
1091 985 1184 1031 apta
1217 972 1320 1027 sint,
1351 989 1426 1016 cur
1457 971 1666 1031 copiosius
1698 988 1930 1032 exponam,
1967 973 2084 1016 nulla

112 1035 193 1074 iam
225 1048 364 1073 causa
378 1044 447 1074 cst.
525 1049 663 1091 neque
696 1045 820 1091 neget
852 1032 1072 1091 quisquam
1103 1033 1286 1076 versibus
1307 1005 1486 1077 ’350—
1503 1035 1613 1087 395,
1646 1051 1745 1076 cum
1776 1047 1873 1076 ante
1898 1033 2091 1093 disputa-

111 1094 268 1148 tionem
300 1093 488 1151 legantur
518 1092 572 1134 de
603 1094 743 1137 animo
750 1066 829 1137 bad
860 1093 987 1136 vitam
1019 1092 1326 1136 dominantioie
1364 1094 1616 1149 institutam,
1659 1094 1940 1153 interruptum
1970 1094 2089 1156 quati

112 1154 243 1197 rideri
283 1155 440 1197 iustum
480 1170 619 1197 nerum
660 1153 999 1198 01·dinen1.eis
1033 1154 1145 1198 enim
1178 1167 1322 1214 poeta,
1364 1168 1411 1197 ιιι
1443 1155 1562 1199 etiam
1598 1172 1751 1214 corpus
1782 1172 1924 1216 neque
1954 1155 2088 1202 solam

109 1217 290 1259 animam
320 1215 471 1258 sentire
505 1216 770 1275 persuadeat,
801 1232 877 1277 per
908 1216 1056 1259 oculos
1085 1215 1196 1258 hanc
1228 1216 1347 1276 quasi
1377 1234 1452 1275 per
1483 1217 1594 1260 fores
1627 1216 1770 1261 videre
1800 1229 1938 1278 negat„

386 1320 477 1361 350
631 1317 764 1370 Quod
793 1334 921 1377 supet
952 1330 1034 1372 est,
1073 1317 1108 1360 si
1138 1316 1231 1378 quis
1263 1333 1416 1377 corpus
1446 1317 1599 1362 sentire
1631 1319 1797 1375 refutat,

538 1401 662 1448 atque
693 1388 1038 1443 animamcredit
1068 1389 1314 1448 permixtam
1347 1405 1526 1448 corpore
1559 1402 1649 1434 toto

539 1462 746 1520 suscipere
776 1461 891 1503 hunc
922 1473 1108 1514 motum,
1140 1477 1269 1519 quem
1299 1475 1470 1503 sensum
1500 1461 1816 1518 nominitamus,

538 1532 607 1573 vel
637 1530 884 1574 manifestas
904 1545 970 1573 res
1002 1542 1144 1573 contra
1175 1546 1376 1592 verasque
1407 1544 1624 1591 repugnat.

540 1601 642 1659 quid
675 1602 727 1643 sit
758 1601 868 1644 enim
903 1617 1057 1658 corpus
1086 1601 1239 1643 sentire
1270 1602 1364 1661 quis
1396 1602 1555 1645 adferet
1584 1620 1786 1664 unquam,

386 1673 473 1715 355
537 1673 571 1714 si
603 1688 688 1714 nou
721 1673 810 1730 ipsa
842 1672 978 1729 palam
1009 1669 1129 1730 quod
1157 1686 1223 1715 res
1255 1670 1375 1714 dedit
1406 1688 1455 1715 ac
1486 1673 1635 1716 docuit
1667 1672 1778 1716 nos?

539 1755 579 1784 at
610 1742 778 1786 dimissa
810 1744 946 1785 anima
979 1757 1132 1800 corpus
1164 1754 1275 1785 caret
1305 1742 1494 1801 undique
1525 1759 1669 1786 sensu:

538 1814 677 1872 perdit
708 1814 822 1856 enim
854 1811 972 1871 quod
1006 1829 1090 1856 non
1122 1813 1344 1871 proprium
1375 1813 1456 1855 fuit
1488 1814 1581 1869 eius¹
1606 1814 1650 1857 in
1682 1831 1800 1859 aevo.

662 1915 816 1959 Dicere
848 1932 975 1973 porro
1005 1914 1152 1958 oculos
1183 1914 1343 1957 nullam
1370 1930 1462 1957 rem
1493 1931 1663 1959 cernere
1694 1931 1818 1976 posse

386 1986 477 2029 360
539 1985 615 2028 sed
646 2001 721 2044 per
753 2001 825 2028 eos
856 1985 1045 2027 animum
1074 1996 1122 2026 ut
1153 1984 1314 2027 foribus
1345 1997 1531 2043 spectare
1563 1987 1747 2042 reclusis,

539 2056 786 2114 desiperest,
820 2068 965 2099 contra
996 2072 1093 2099 cum
1123 2072 1268 2099 sensus
1300 2055 1412 2100 dicat
1444 2073 1619 2114 eorum,

539 2126 702 2186 fulgida
742 2128 980 2186 praesertim
1023 2138 1099 2170 cet.
1142 2140 1221 2170 cet.

253 2236 405 2296 Neque
436 2236 541 2280 haec
573 2237 667 2280 satis
699 2250 827 2279 erant.
903 2237 1028 2281 etiam
1058 2236 1353 2281 Democritum
1391 2239 1524 2298 carpit
1556 2252 1699 2298 poeta,
1738 2239 1859 2299 quod
1898 2242 2087 2302 corporis

108 2310 233 2355 atque
267 2298 394 2341 animi
422 2297 651 2357 primordia
683 2299 847 2358 singula
877 2298 1049 2358 singulis
1079 2298 1269 2358 apposita
1299 2300 1465 2343 alternis
1495 2301 1648 2343 variare
1678 2300 1749 2344 ille
1779 2301 1903 2347 dicat.

386 2400 478 2443 370
610 2398 761 2442 lund
750 2415 795 2440 ιιι
824 2397 890 2440 his
919 2399 1044 2442 rebus
1074 2414 1342 2459 nequaquam
1371 2415 1538 2443 sumere
1568 2401 1717 2459 possiS,

539 2469 775 2516 Democriti
806 2468 926 2530 quod
945 2482 1093 2513 sancta
1123 2471 1200 2515 viri
1229 2470 1430 2515 sententia
1460 2471 1599 2529 ponit,

539 2540 729 2600 corporis
759 2553 885 2601 atque
916 2540 1044 2590 animi
1073 2540 1322 2600 primordia,
1348 2540 1516 2602 *singula
1548 2542 1676 2602 privis

501 2648 509 2654 ι
539 2612 747 2671 apposita,
767 2613 945 2656 :alternis
975 2613 1128 2656 variare
1155 2621 1202 2657 a'c
1232 2625 1403 2657 nectere
1429 2616 1636 2659 membra.

541 2700 637 2728 mm
658 2699 770 2730 cum
796 2685 933 2730 multo
961 2696 1061 2729 sunt
1081 2686 1295 2731 ⁴elementa
1324 2686 1488 2730 minora
1518 2686 1687 2743 animai,
