2242 3051
938 95 1261 137 -313—

104 209 194 235 v:112-
263 211 269 226 ’-
390 186 1454 249 775--iumqueessensifflkquovimsesttempore
1482 186 1528 231 in
1558 203 1652 231 uuo
1707 210 1711 212 ·

160 269 164 274 '
506 259 993 319 *·²copia'>pa'rttcularum“
915 267 931 273 ²
998 291 1013 315 ,
1031 267 1099 302 ‘ut
1128 259 1261 319 possit
1301 258 1585 319 suppeditare..

251 371 371 424 Quae
393 385 666 432 sequuntur,
703 373 772 416 vel
809 385 984 432 propter
1020 372 1159 431 ipsam·
1185 371 1423 415 orationem
1460 371 1603 414 multis
1642 371 1747 414 locis
1786 370 2097 417 dubitationem

110 447 294 479 movent.
355 433 697 476 molestissimum
727 446 790 490 et,
820 432 942 493 quod
967 449 992 476 a
1021 448 1143 478 versu
1177 433 1272 477 788
1298 432 1407 476 inde.
1431 433 1581 476 eadem
1611 433 1698 477 fere
1729 445 1857 493 poeta
1888 432 2096 494 exposuit,

112 511 219 557 quae
258 512 383 555 supra
425 494 602 539 dixerat.

668 607 788 660 Quid
819 624 951 667 porro
979 607 1024 651 in
1055 624 1279 651 numerum
1313 607 1542 667 procedere
1573 624 1674 651 cum
1703 606 1923 652 simulacra
1957 630 1959 632 ·

543 678 755 729 cernimus
783 679 830 731 gin
847 679 1018 730 ,somnis
1050 694 1090 722 et
1120 679 1264 721 mollia
1294 680 1483 728 membra
1515 694 1701 733 movere,

387 746 478 811 790
533 750 705 812 mollia,
748 750 961 795 mobiliter
992 767 1090 794 cum
1120 750 1290 794 alternis
1320 749 1516 806 bracchia
1549 750 1721 795 mittunt

533 815 584 864 *et
615 822 800 865 referunt
818 814 966 882 oculis
996 835 1162 882 gestum
1192 822 1302 881 pede
1324 820 1636 881 convenienti?

541 893 721 947 scilicet,
766 906 851 935 arte
881 883 1054 936 madent
1084 894 1307 937 simulacra
1339 906 1380 936 et
1411 894 1537 937 docta
1568 906 1787 952 vagantur,

384 956 478 1007 '793
540 978 749 1007 nocturno
780 965 926 1008 facere-
949 977 997 1007 ut
1027 965 1187 1024 possint
1226 966 1270 1008 in
1301 977 1494 1024 tempore
1524 963 1662 1008 ludos.

542 1051 595 1077 an
619 1035 758 1093 Jnagis
790 1034 897 1078 illud
930 1035 1009 1078 erit
1038 1035 1219 1079 verum?
1287 1037 1385 1094 quia
1415 1048 1610 1094 tempore
1638 1035 1681 1078 in
1713 1051 1806 1079 uno

387 1104 476 1153 796
540 1108 738 1163 tempora*
758 1105 891 1148 multa
921 1105 1073 1167 latent,
1115 1106 1224 1150 ratio
1254 1123 1360 1169 quae
1393 1106 1601 1164 comperit
1636 1122 1736 1152 esse.

541 1172 762 1235 propterea
792 1177 841 1219 fit
874 1176 936 1219 uti
978 1171 1125 1236 quevis
1155 1177 1198 1220 iu
1230 1171 1422 1236 ternpore
1452 1193 1647 1238 quaeque

539 1261 679 1308 presto
710 1247 792 1291 siut
821 1248 1038 1293 simulacra
1067 1248 1172 1293 locis
1194 1248 1247 1292 ‘in
1280 1249 1458 1308 quisque
1489 1261 1644 1308 parata.

383 1307 476 1362 802
541 1332 582 1362 et
614 1319 711 1379 quia
741 1320 885 1362 tenuia
915 1333 1035 1376 sunt,
1077 1320 1156 1363 nisi
1186 1336 1235 1363 se
1264 1319 1504 1374 contendit,
1552 1332 1676 1363 acute

541 1407 711 1435 cernere
743 1407 830 1434 non
864 1391 973 1450 potis
1004 1404 1066 1436 est
1096 1391 1275 1435 animus:
1322 1391 1501 1450 proinde
1533 1386 1678 1435 omnia
1708 1406 1816 1449 quae
1856 1402 1957 1435 sunt

544 1474 754 1520 praeterea
787 1475 987 1521 pereunt²
1030 1462 1110 1505 nisi
1149 1463 1185 1505 si
1223 1478 1331 1523 quae
1361 1463 1416 1506 ad
1434 1478 1493 1506 ‘se
1523 1463 1611 1522 ipse
1644 1462 1812 1522 paravit.

228 1583 440 1627 Praeclara
471 1582 596 1642 igitur
626 1583 970 1643 sunt‚.quae.de
1002 1583 1066 1626 his
1096 1585 1283 1631 versibus
1312 1584 1613 1629 Lachmannus
1644 1584 1879 1643 disputavit.
1941 1582 2089 1637 „Haec

107 1652 323 1705 quoque,“
354 1645 513 1704 inquit,
546 1657 620 1699 „ut
651 1662 720 1699 ea,
752 1662 857 1707 quae
890 1646 1018 1704 paulo
1051 1658 1146 1688 ante
1172 1645 1527 1689 consideravimus
1552 1646 1661 1699 706,
1694 1644 1892 1689 Lucretio
1919 1643 2087 1704 dignis-

106 1702 222 1749 sirna'
240 1718 357 1760 sunt,
377 1707 475 1748 ³non
506 1705 825 1764 interpolatore,
856 1709 987 1765 quem
1016 1706 1139 1764 fingit
1167 1707 1389 1766 Forbiger:
1430 1706 1504 1749 sed
1537 1706 1688 1749 eadem
1717 1720 1857 1767 neque
1890 1721 1942 1749 eo
1975 1722 2087 1749 con·-

106 1767 198 1810 silio
220 1767 370 1825 scripta
402 1780 511 1820 sunt,
542 1779 589 1807 ut
621 1766 766 1809 ceteris
797 1767 853 1809 ita
884 1780 931 1808 ut
961 1767 1118 1810 factum
1150 1779 1210 1810 est
1240 1767 1519 1810 insererentur
1550 1771 1692 1826 neque
1722 1768 1813 1810 ullo'
1845 1766 1927 1810 alio
1957 1766 2085 1809 huius

107 1828 310 1887 poematis
339 1829 437 1872 loco
470 1827 619 1886 reponi
650 1840 838 1886 possunt.
914 1828 1229 1888 namprimum
1253 1828 1360 1872 haee
1385 1840 1575 1887 coeptam
1603 1827 1929 1889 disputationem
1954 1828 2087 1871 inter—

107 1902 330 1948 rumpunt,
362 1902 410 1931 ut
439 1891 573 1932 lector
602 1906 626 1930 a
647 1904 780 1931 >versu
811 1890 899 1932 776
932 1889 988 1932 ad
1017 1889 1109 1932 818
1140 1890 1508 1934 transire.deheat.
1571 1889 1726 1932 deinde
1757 1890 1801 1931 in
1831 1889 1897 1930 his
1921 1906 1944 1931 a
1969 1901 2086 1947 parte

106 1950 254 1992 eadem
287 1962 512 1993 tractantur
545 1966 653 2008 quae
685 1949 728 1992 in
760 1949 983 2007 prioribus.
1055 1950 1148 2008 quis
1179 1951 1293 1997 enim
1323 1951 1428 1993 ferat
1457 1950 1514 1992 ita
1544 1950 1608 1994 bis
1641 1950 1695 1992 de
1727 1949 1954 1993 simulacris
1986 1949 2086 2004 dici,

106 2009 329 2069 quomodo
362 2011 551 2053 membra
583 2022 778 2053 moveant
810 2022 851 2053 et
882 2009 1036 2053 iactent
1060 2011 1276 2065 bracchia,
1306 2023 1354 2052 ut
1378 2012 1621 2060 factumest
1643 2027 1767 2054 versu
1783 2010 1873 2054 768
1897 2023 1939 2052 et
1961 2009 2085 2053 788?

106 2085 148 2115 et
178 2089 280 2115 cum.
308 2088 429 2116 versu
461 2073 548 2115 775
579 2068 625 2115 in*
654 2088 741 2116 uno
774 2087 951 2130 quoque
989 2084 1182 2131 tempore
1221 2070 1407 2118 sensibili
1446 2089 1597 2131 magna
1636 2070 1929 2131 particularum
1962 2070 2086 2130 copia

105 2131 248 2175 adesse
281 2133 453 2187 dicitur,
483 2131 530 2176 id
560 2132 604 2174 ni
635 2132 790 2175 miru'm
820 2132 935 2175 idem
967 2145 1028 2174 est
1059 2134 1179 2191 quod
1209 2149 1332 2176 versu
1365 2134 1457 2176 794
1490 2134 1735 2191 exponitur,
1771 2134 1815 2175 in
1846 2149 1933 2175 uno
1966 2148 2086 2191 quo-

103 2210 190 2253 que
221 2207 435 2253 tempore,
466 2193 510 2237 in
532 2210 630 2252 quo
664 2209 836 2237 revera
867 2194 997 2237 multa
1023 2196 1217 2253 >tempora
1244 2195 1421 2250 lateant,
1453 2193 1497 2237 in
1527 2194 1627 2238 Ioco
1660 2209 1833 2254 quoque
1863 2192 2086 2238 simulacra

105 2271 300 2315 quaeque
315 2262 492 2314 'praesto
520 2260 649 2299 esse.“

226 2365 401 2409 Addere
439 2366 641 2421 debebat,
678 2382 766 2410 non
800 2365 917 2410 idem
954 2378 1137 2426 utroque
1164 2367 1265 2415 loco
1297 2380 1446 2427 poetae
1476 2366 1603 2410 fuisse
1635 2366 1875 2412 consilium.
1953 2367 2085 2410 altero

105 2425 149 2468 id
177 2427 341 2485 agebat,
381 2440 429 2470 ut
469 2445 552 2487 qua
583 2427 744 2471 ratione
776 2427 937 2483 moveri
975 2427 1216 2481 viderentur
1247 2429 1488 2482 simulacra,
1533 2441 1773 2486 appareret,
1814 2429 1966 2482 altero,
2007 2428 2084 2488 qui

104 2489 245 2543 fieret,
278 2488 501 2545 enarravit,
539 2500 587 2531 ut
617 2482 740 2550 quod
768 2487 921 2550 cuique
949 2488 1081 2532 libido
1112 2490 1311 2544 venisset,
1349 2503 1468 2553 mens
1502 2489 1592 2532 eius
1624 2488 1671 2533 id
1701 2489 1841 2549 ipsum
1871 2488 2084 2549 cogitaret.

536 2601 747 2659 quaeritur
777 2600 822 2643 in
853 2600 995 2659 primis
1027 2616 1175 2659 quare,
1207 2601 1335 2661 quod·
1359 2599 1515 2661 cuique
1545 2600 1681 2646 libido

381 2670 472 2715 780
502 2706 517 2721 =
532 2671 712 2730 venerit,
753 2672 963 2733 extemplo
994 2686 1114 2717 mens
1139 2673 1304 2733 cogitet
1333 2672 1421 2718 eius
1451 2672 1498 2717 id
1524 2671 1679 2733 ipsum.
