2242 3051
968 82 1279 121 -10..-

124 187 263 237 peret,
309 173 592 234 Forbigerum
641 188 792 231 parum
841 184 962 216 recto
1013 173 1174 218 iudicio
1212 172 1354 218 omnia
1393 171 1544 233 pariter
1578 172 1819 228 delevisse,
1870 174 1950 219 nisi
1996 172 2117 235 quod

123 238 237 283 duos
266 235 427 296 primos
456 250 618 288 versus,
663 231 815 285 Quid
857 233 1093 291 faciant,
1135 251 1201 278 ne
1243 234 1513 296 trepides,
1555 235 1632 295 qui
1663 234 1742 279 soli
1773 251 1848 295 per
1878 252 1922 280 se
1952 236 2116 281 nullum

123 298 316 368 leporem
345 297 526 349 habent,
558 294 742 339 retinuit.
822 295 928 364 quid
961 297 1072 340 enini
1107 296 1256 339 elarius
1288 313 1374 340 esse
1407 307 1546 355 potest
1572 313 1699 355 quani
1722 297 1988 356 Lucretium,
2019 315 2115 341 cum

123 359 265 429 primo
295 357 459 428 impetu
498 328 581 400 lios
621 356 818 416 (μιὶιιφιε
858 373 1002 400 vetsus
1033 357 1278 415 scripsisset,
1328 369 1471 417 postca
1512 373 1639 415 quam
1681 375 1753 401 eos
1793 374 1926 418 prope
1969 376 2116 402 omnes

124 419 289 464 maiore
321 420 445 464 etiam
477 433 578 461 cum
609 418 651 461 vi
684 432 724 462 et
756 420 914 462 effectu
949 419 1031 462 alio
1063 420 1159 462 loco
1191 418 1295 477 poni
1326 434 1448 478 posse
1476 418 1649 472 videtu,
1691 419 1783 461 inf·
1774 438 1796 462 ι
1826 432 1922 478 post
1952 436 2118 462 versum

127 482 243 536 382,
273 481 346 524 hic
377 479 434 523 eis
466 479 579 523 duos
610 480 713 523 alios
746 480 898 539 patiter
935 498 985 538 ap
978 492 1053 522 tos
1085 479 1342 522 substituisse
1374 496 1424 522 cx
1456 478 1567 522 lilno
1600 480 1639 534 l,
1676 483 1762 527 153
1797 479 2055 540 nepetitos?“

272 593 432 648 Locus,
465 609 555 652 quo
588 604 715 653 poeta
747 608 892 635 versus
923 592 1133 635 87-89
1167 593 1319 636 iterum
1351 584 1618 651 posuit,hic
1651 606 1730 637 est:

647 685 746 726 Hoc
780 697 840 727 est
872 684 1037 742 igniferi
1069 695 1258 726 naturam
1291 682 1478 726 fulminis
1510 683 1644 742 ipsam

411 755 505 799 380
571 755 807 815 perspicere
841 768 883 798 et
915 772 998 814 qua
1029 754 1069 797 vi
1101 754 1343 797 faciat‘rem
1376 771 1593 814 quamque
1624 755 1782 810 videre,

569 844 657 869 non
691 826 912 887 Tyrrhena
945 839 1059 869 retro
1091 826 1328 868 volventem
1360 824 1542 869 carmina
1575 826 1725 869 flustra

571 897 727 939 indicia
747 898 949 940 occultae
982 896 1123 938 divum
1157 896 1402 956 perquirere
1431 895 1597 949 ruentis,

576 968 693 1011 unde
726 969 870 1011 volans
900 968 1008 1026 ignis
1041 969 1276 1026 pervenerit
1307 979 1378 1010 aut
1409 966 1451 1009 iu
1484 980 1620 1009 utram
1650 985 1695 1011 se
1731 971 1735 975 ⁴

577 1038 750 1081 verterit
780 1038 883 1081 hinc
915 1050 1099 1099 partem,
1132 1054 1220 1097 quo
1255 1053 1376 1098 pacto
1409 1054 1485 1098 per
1517 1039 1608 1092 loca
1639 1052 1782 1098 saepta

418 1111 509 1154 385
574 1109 817 1164 insinuarit,
850 1122 891 1152 et
923 1109 1024 1152 hinc
1053 1109 1291 1153 dominatus
1322 1122 1369 1152 ut
1401 1110 1593 1162 extulerit
1624 1127 1682 1163 se,

580 1180 738 1240 quidve
772 1198 927 1225 nocere
960 1193 1086 1240 quem
1119 1180 1171 1224 de
1204 1182 1328 1224 coelo
1361 1181 1547 1224 fulminis
1580 1182 1699 1225 irtus.

266 1295 442 1338 Poetam
474 1293 623 1353 igitur,
655 1293 729 1337 ubi
752 1309 897 1337 versus
920 1293 1127 1354 quosdam
1150 1293 1310 1352 aptiore
1334 1311 1376 1337 se
1400 1293 1499 1338 loeo
1523 1310 1683 1363 poneue
1706 1311 1828 1354 posse
1851 1293 1989 1337 inull(
1979 1293 2124 1349 xusset,

138 1356 440 1401 Lachmauuus
484 1372 557 1398 eos
600 1373 652 1398 co
692 1357 791 1398 luco
829 1354 1034 1397 delevisse
1076 1358 1320 1408 «mih-mat,
1360 1373 1449 1413 quo
1491 1368 1561 1397 aut
1600 1355 1739 1396 minus
1773 1373 1819 1412 η
1828 1370 1854 1396 ιι
1884 1329 2125 1397 vide-inentm

141 1428 211 1460 aut
242 1416 330 1458 aliis
365 1415 619 1486 quibusdam
650 1415 735 1458 levi
766 1432 894 1474 opera
926 1415 1207 1475 permutandi.
1268 1415 1328 1458 At
1356 1431 1410 1458 ne
1434 1415 1506 1459 hic
1532 1415 1738 1475 quidem
1733 1433 1830 1477 cuni
1855 1415 2124 1459 lachnrnnuo

140 1477 373 1521 consentio.
436 1477 627 1520 versibus
670 1477 730 1519 90
771 1488 813 1520 et
855 1477 908 1522 (31
953 1476 1188 1534 perturbari
1226 1476 1458 1520 orationem
1492 1477 1641 1534 ntique
1673 1473 1806 1535 nego,
1847 1493 1947 1519 cum
1988 1494 2123 1535 neque

140 1537 259 1581 idem
291 1537 350 1580 eis
381 1550 509 1595 atque
544 1537 897 1595 praecedentibus
931 1548 1145 1579 enarretul
1175 1553 1314 1596 neque
1345 1536 1442 1579 insit
1473 1536 1728 1597 quiequam,
1773 1537 1891 1596 quod
1924 1555 1945 1579 a
1979 1537 2129 1597 ‹lispu—

143 1598 303 1642 tatione
346 1598 532 1640 alienum
572 1596 657 1640 dici
696 1597 840 1656 possit.
918 1596 1083 1640 addidit
1122 1613 1194 1640 eos
1237 1597 1477 1652 Lueretius,
1523 1599 1566 1641 id
1609 1599 1729 1669 quod
1768 1614 1843 1657 pei
1836 1598 1984 1639 mulus
2027 1600 2129 1642 lotis

143 1660 304 1704 factum
336 1671 417 1713 est,
450 1675 503 1702 eo
538 1658 715 1701 consilio
747 1658 924 1711 ductus,
956 1670 1005 1699 ut
1036 1657 1221 1700 demum
1249 1658 1399 1700 mundi
1430 1658 1732 1703 administratio
1760 1672 1998 1717 quantum
1990 1677 2128 1706 ¹‘nicia

144 1720 305 1765 ratione
336 1692 606 1773 ahli011··‚e1et
635 1719 792 1761 iterum
822 1731 948 1776 atque
980 1718 1133 1760 iterum
1163 1718 1445 1776 persuaderet.

284 1831 384 1875 Hoc
417 1829 596 1891 quidem
628 1847 716 1874 non
750 1846 883 1890 nego,
917 1844 1086 1890 poetam
1119 1830 1364 1893 exordium,
1407 1832 1528 1892 quod
1561 1832 1700 1875 minus
1741 1844 1839 1889 apto
1879 1832 1976 1874 loco
2009 1849 2129 1890 supra

146 1911 170 1937 a
196 1909 240 1937 se
272 1851 459 1953 positurii
493 1908 582 1935 esse
614 1892 839 1946 intellexit,
884 1908 985 1935 eum
1015 1904 1308 1936 retractaturus
1342 1906 1446 1937 esset
1473 1893 1677 1948 carmina,
1725 1892 1779 1935 ad
1811 1893 2026 1951 sequentia
2058 1910 2131 1935 ac·-

147 1953 375 2000 comodare
407 1953 541 2013 magis
572 1953 848 2018 constituisse

286 2054 539 2098 Ciceronem
577 2055 795 2124 profecto,
836 2071 988 2114 quem,
1022 2053 1139 2113 quod
1171 2054 1295 2098 nimis
1325 2056 1444 2116 religi
1446 2073 1547 2100 osus
1587 2056 1735 2110 suerit,
1776 2054 1990 2113 permultis
2029 2055 2131 2098 locis

147 2117 340 2176 castigat,
372 2133 456 2176 qua
479 2115 650 2159 tandem
679 2116 839 2160 ratione
862 2115 1158 2160 Lachmannus
1178 2115 1250 2158 hic
1276 2132 1326 2160 ex
1351 2117 1528 2162 libidine
1552 2135 1628 2162 sua
1653 2133 1820 2160 carmen
1838 2117 2132 2171 conformasse,

147 2190 298 2237 poetae
329 2179 455 2221 verba
485 2190 669 2221 mutasse
701 2178 946 2232 confirmet,
987 2194 1076 2221 non
1107 2177 1319 2236 intellego.

287 2348 353 2392 De
384 2347 571 2392 versibus
605 2348 694 2394 168
716 2377 766 2382 —
791 2349 878 2393 179
911 2362 1007 2393 ante
1037 2348 1119 2394 hos
1148 2351 1259 2395 duos
1291 2367 1444 2409 anuos,
1485 2351 1657 2407 eadem,
1697 2367 1780 2409 qua
1811 2349 1967 2405 hodie,
2005 2368 2134 2395 occa-

147 2410 265 2454 sione
296 2426 398 2452 usus
429 2410 648 2468 disputavi.
710 2427 801 2471 quo
831 2411 975 2455 loco
964 2412 1103 2456 mania
1134 2428 1243 2468 esse,
1285 2430 1393 2473 quae
1434 2415 1490 2458 de
1528 2415 1586 2457 eis
1622 2412 1809 2457 versibus
1840 2412 2135 2455 Lachmannus

147 2470 442 2531 disputaverit,
475 2471 665 2515 effecisse
695 2472 802 2515 mihi
831 2471 992 2518 videor.

284 2583 553 2628 Lachmanni
580 2581 708 2629 verba
737 2583 846 2629 haec
877 2597 995 2628 sunt:
1037 2586 1140 2641 „sed
1177 2587 1349 2646 insuper
1388 2586 1699 2633 observandum
1738 2597 1800 2629 est
1836 2601 1990 2630 novem
2031 2586 2136 2630 alios

146 2644 398 2709 versiculos,
426 2645 507 2705 qui
535 2645 669 2690 notati
694 2658 797 2691 sunt
824 2647 1015 2692 numeris
1048 2647 1138 2693 168
1156 2674 1209 2688 -
1231 2649 1320 2694 175
1352 2660 1396 2694 et
1429 2649 1540 2707 179,
1571 2664 1646 2694 eos
1665 2647 1780 2708 ipsos
1801 2662 1900 2691 cum
1920 2646 1986 2690 his
2011 2659 2137 2707 quatf-
