2242 3051
100 1077 536 1160 lingonis
554 1077 1067 1143 Pul-mann!
1088 1076 1395 1143 suesti
1415 1077 2085 1166 Quaestionum

266 1177 1027 1248 Lucretianam-um
1062 1175 1539 1243 Pan-ucula
1576 1177 1925 1243 Altera.

106 1445 321 1552 Quintus
361 1481 527 1525 Tullius
554 1401 855 1553 hundeum
897 1483 1023 1527 cdere
1062 1484 1325 1554 instituisset,
1375 1501 1482 1544 quae
1524 1502 1547 1527 a
1584 1483 1686 1528 Tito
1723 1483 1924 1528 Lucretio
1962 1496 2089 1543 poeta

101 1544 250 1602 scripta
280 1556 560 1603 superessent,
605 1544 725 1587 haud
756 1545 878 1588 facile
909 1546 1126 1605 negotium
1158 1546 1389 1606 suscepisse
1420 1545 1619 1589 videatur.
1697 1562 1796 1587 nam
1837 1560 1945 1604 quae
1975 1544 2090 1587 Sue—

100 1604 259 1659 tonius,
310 1605 402 1647 satis
443 1605 624 1647 idoneos
666 1618 856 1649 auctores
896 1620 1081 1661 secutus,
1135 1608 1190 1649 de
1230 1620 1356 1666 poeta
1397 1607 1550 1665 scripta
1592 1606 1820 1650 memoriae
1863 1604 2088 1660 mandavit,

102 1682 201 1709 cum
247 1666 297 1707 ab
339 1665 603 1725 Hieronymo
647 1667 690 1708 in
731 1666 1016 1710 Eusebianum
1058 1667 1291 1711 elnonieon
1335 1668 1524 1710 translata
1563 1666 1666 1721 siut,
1722 1683 1797 1708 cur
1841 1682 1864 1708 a
1903 1682 2002 1710 vera
2041 1681 2089 1709 re
2130 1693 2135 1700 =

102 1726 225 1768 nimis
257 1728 399 1784 abesse
431 1726 638 1779 dicamus,
671 1726 793 1767 causa
826 1728 939 1768 nulla
972 1739 1044 1770 est.
1107 1743 1246 1786 neque
1277 1740 1513 1771 retractasse
1552 1728 1678 1785 igitur
1717 1738 1844 1785 poeta
1875 1725 2089 1785 putandus

102 1799 163 1828 est
194 1785 399 1841 carmina,
439 1797 512 1828 aut
543 1800 653 1844 quae
684 1786 824 1845 ptimo
856 1803 960 1829 ausu
990 1788 1279 1847 neglegentius
1316 1787 1637 1848 quodammodo
1669 1787 1901 1846 scripserit,
1940 1802 2092 1830 emen·-

103 1846 223 1890 dasse
259 1863 400 1907 neque
441 1864 549 1917 quae
589 1860 831 1909 supersunt,
874 1865 963 1892 uno
1001 1849 1120 1908 quasi
1159 1862 1328 1903 tenore,
1376 1849 1556 1893 tristiore
1593 1850 1746 1894 morbo
1784 1864 1873 1893 non
1907 1860 2090 1905 vexatus,

105 1908 183 1951 alia
217 1925 266 1950 ex
298 1909 385 1952 aliis
417 1909 617 1951 artissime
649 1910 791 1952 omnia
823 1922 919 1968 apta
948 1927 1000 1953 ex
1032 1910 1173 1954 animo
1215 1911 1422 1955 effudisse.

259 2041 413 2101 Neque
453 2042 581 2103 ipsius
621 2043 814 2085 carminis
854 2042 1117 2098 conditione,
1166 2058 1273 2102 quae
1313 2043 1397 2087 iam
1439 2057 1521 2098 est,
1568 2058 1715 2086 causae
1754 2057 1843 2085 non
1883 2039 2090 2101 suppedi-

107 2116 262 2157 tantur,
309 2104 461 2161 quibus
494 2104 745 2159 Suetonium
776 2121 872 2147 vera
904 2104 1089 2148 retulisse
1121 2106 1435 2148 confirmemus.
1510 2117 1675 2163 praeter
1704 2103 1800 2147 alias
1831 2100 2089 2146 nominanda

106 2164 208 2208 olim
239 2163 344 2206 mihi
375 2164 594 2207 videbatur
625 2181 746 2208 causa
779 2165 822 2207 in
853 2165 957 2210 locis
987 2164 1171 2225 repetitis
1201 2164 1357 2225 posita,
1403 2181 1531 2225 quam
1564 2180 1651 2224 quo
1681 2164 1771 2207 iure
1813 2163 1855 2205 in
1887 2161 2090 2221 gravissi-

106 2242 270 2268 marum
309 2242 488 2268 numeio
529 2225 766 2268 habendam
809 2242 895 2269 esse
935 2226 1130 2280 dixerim,
1178 2241 1230 2270 eo
1269 2226 1415 2270 libello
1455 2238 1646 2284 apparet,
1689 2239 1815 2283 quem
1855 2223 1911 2266 de
1943 2222 2091 2268 Lach-

108 2285 327 2328 manniana
366 2286 597 2330 carminum
642 2285 991 2331 Lucretianorum
1040 2286 1223 2331 editione
1264 2299 1358 2330 ante
1404 2286 1485 2331 hos
1532 2299 1631 2330 octo
1677 2300 1808 2328 annos
1855 2283 2092 2343 composui.

107 2345 226 2406 quod
255 2346 573 2407 Bernhardyus,
621 2363 718 2389 cum
750 2346 806 2390 de
826 2345 1031 2392 Lucretio
1064 2347 1265 2417 disputat,
1311 2347 1417 2390 mihi
1446 2347 1511 2389 his
1540 2346 1643 2388 locis
1675 2345 1834 2404 ingenii
1875 2345 2091 2404 quandam

108 2407 342 2451 tarditatem
383 2409 550 2451 simulat
588 2408 778 2467 probari,
824 2425 894 2454 me
930 2425 1020 2453 uon
1060 2407 1232 2453 dixisse
1250 2409 1296 2452 id
1331 2423 1464 2467 genus
1500 2406 1729 2466 quicquam
1768 2422 1907 2465 neque
1947 2405 2089 2450 dicere

107 2485 293 2528 unquam
322 2469 505 2527 potuisse
537 2469 724 2529 pluribus
756 2485 965 2529 exponere
995 2486 1083 2514 non
1114 2471 1253 2514 refert.
1337 2485 1551 2510 summum
1592 2482 1674 2526 ego
1711 2479 1901 2526 poetam,
1948 2482 2092 2526 quan·

108 2546 238 2589 quam
270 2528 392 2572 tardo
424 2546 524 2573 eum
551 2530 692 2574 animo
724 2531 853 2575 fuisse
883 2548 1088 2590 nusquam
1119 2547 1207 2576 non
1238 2528 1407 2589 negavi,
1452 2540 1501 2572 ut
1532 2527 1732 2588 angustiis
1767 2524 2090 2597 quodammodo

97 2585 152 2634 'in
190 2601 356 2649 tempus
396 2591 651 2648 consuleret,
694 2608 840 2635 versus
878 2592 1043 2651 saepius
1082 2592 1223 2652 plures
1263 2606 1287 2633 e
1321 2590 1537 2660 prioribus
1570 2589 1687 2632 libris
1727 2588 1940 2648 repetiisse
1979 2602 2092 2631 con-

107 2651 281 2695 firmavi.
357 2650 403 2694 id
434 2651 576 2719 quod
600 2652 704 2697 sexti
739 2652 836 2696 libri
872 2653 992 2697 initio
1031 2654 1193 2699 factum
1231 2667 1341 2709 esse,
1388 2651 1464 2713 qui
1494 2650 1719 2711 diligenter
1750 2664 1918 2696 carmen
1945 2648 2092 2709 perle-

108 2712 234 2769 gerit,
279 2710 448 2755 infitiari
475 2713 668 2771 profecto
700 2713 819 2757 nolit.
