2242 3051
953 110 1268 154 -18-

236 203 330 248 Nec
361 203 516 248 mirum
549 213 632 258 est,
665 200 787 263 quod
816 218 855 246 v.
890 202 1006 248 1011
1042 202 1150 263 ignis
1181 201 1396 248 mentione
1433 201 1542 247 facta
1570 217 1659 246 non
1690 217 1742 247 eo
1769 201 1869 249 loco
1896 202 1974 251 sed
1991 202 2102 248 infra

110 265 212 310 de
199 266 307 334 ignis
343 265 505 324 origine
536 277 662 323 poeta
693 262 889 323 disputat.
958 264 1114 309 eodem
1153 265 1267 308 enim
1304 265 1405 309 loco
1446 269 1576 308 etiam
1615 263 1670 309 de
1708 265 1995 324 loquentibus
2018 266 2102 309 iam

117 325 315 371 ‘disseruit
344 325 609 382 hominibus,
642 341 742 370 cum
773 324 953 370 diceret:

625 460 729 491 tuuc
762 459 803 491 et
833 446 1060 492 amicitiem
1091 459 1322 507 coeperunt
1352 445 1526 506 iungere
1559 460 1724 491 aventes

441 518 565 563 1020
625 517 796 561 finitimi
822 518 930 561 inter
960 534 1003 561 se
1035 532 1114 559 nec
1144 517 1311 562 laedere
1344 533 1424 561 nec
1455 517 1618 573 violari,

628 601 671 632 et
701 604 856 648 pueros
888 586 1241 632 commendarunt
1270 588 1561 646 muliebreque
1592 589 1790 644 saeclum,

628 660 807 704 vocibus
840 672 881 703 et
910 672 1031 719 gestu
1063 675 1163 703 cum
1192 660 1316 703 balbe
1346 658 1628 718 significarent

633 730 945 775 imbecillorum
977 746 1064 773 esse
1096 746 1244 773 aecum
1275 729 1510 772 misererier
1542 730 1693 772 omnis.

121 855 289 913 linguae
323 866 485 907 autem,
519 870 627 912 quae
661 867 767 896 esset
798 854 938 912 origo,
970 854 1073 896 infra
1105 853 1277 910 copiose
1311 853 1510 895 enarravit
1540 865 1676 910 poeta.
1725 869 1866 911 neque
1896 852 2109 919 intellege,

123 931 215 960 cur.
230 926 327 959 ante
358 914 527 974 linguae
560 930 689 958 sonos
721 927 763 959 et
793 930 934 973 rerum
963 914 1189 969 vocabula,
1223 930 1329 973 quae
1362 925 1469 957 esset
1498 912 1606 973 ignis
1638 913 1777 974 origo,
1810 914 1948 958 fuerit
1974 931 2111 974 expo-

123 976 317 1019 nendum
348 992 488 1034 neque
520 993 595 1019 cur
624 977 795 1034 loquela
828 988 869 1018 et
900 989 1037 1019 metus
1068 976 1171 1018 deo·
1173 992 1247 1017 um
1278 975 1453 1019 naturali
1490 975 1680 1034 quodam
1717 975 1888 1019 vinculo
1927 975 2036 1019 inter
2057 987 2109 1018 sc

124 1037 351 1080 coniuncta
378 1036 516 1094 possin
505 1050 537 1078 t
558 1036 655 1079 dici.
716 1052 808 1079 sese
833 1036 953 1096 quod
973 1049 1090 1080 antea
1110 1036 1167 1078 ita
1188 1035 1601 1089 commemoraverit,
1632 1048 1681 1077 ut
1701 1036 1889 1095 quamvis
1910 1052 2109 1094 magnum

125 1110 254 1152 esset,
294 1097 432 1139 minus
463 1097 700 1140 luculenter
732 1108 942 1152 tractaret,
981 1097 1067 1140 id
1057 1114 1138 1140 iam
1171 1097 1361 1156 pluribus
1391 1097 1594 1139 illustrare
1624 1097 1754 1152 velle,
1784 1098 1851 1141 vel
1880 1097 1947 1140 his
1976 1096 2111 1156 sigui—

125 1161 226 1200 ficat
255 1170 401 1215 poeta:
434 1158 545 1200 Illud
577 1158 619 1199 in
649 1157 714 1199 his
745 1160 871 1200 rebus
905 1158 1095 1201 tacitus
1136 1174 1191 1200 ne
1224 1159 1331 1199 forte
1363 1157 1560 1215 requiras.

250 1277 323 1322 Ad
357 1277 606 1339 coniugium
637 1295 737 1323 vero
770 1291 934 1323 certum
964 1291 1147 1323 assuetos
1178 1278 1395 1332 homines,
1428 1290 1527 1323 ‘cum
1559 1277 1726 1337 linguae
1758 1278 1949 1323 notitiam
1979 1278 2113 1349 ignis-

129 1358 230 1400 que
242 1358 369 1383 usum
400 1340 683 1398 accepissent,
725 1354 881 1383 certam
913 1341 1174 1384 constituisse
1204 1339 1459 1399 reipublicae
1490 1341 1559 1382 fon
1561 1356 1674 1382 mam
1707 1342 1800 1398 quis
1832 1353 1892 1383 est
1924 1340 1998 1399 qui
2027 1341 2114 1382 mi·-

127 1414 243 1446 1··etu1
252 1400 275 1443 ,Ρ
316 1417 419 1455 nec,
451 1417 551 1444 cum
581 1401 690 1445 haec
719 1400 775 1445 ita
806 1401 907 1456 sint,
940 1418 1107 1445 causam
1136 1418 1223 1445 esse
1256 1401 1558 1456 dixerim,·ct'1r
1590 1412 1772 1459 poetam,
1802 1400 1924 1460 quod
1956 1416 2007 1444 eo
2039 1415 2114 1444 or—

131 1462 231 1506 dine
263 1476 329 1505 res
360 1461 619 1516 tractaverit,
650 1434 946 1521 vituperemtis.

264 1521 465 1580 Denique
509 1521 629 1580 quod
668 1521 723 1564 de
762 1522 920 1565 satione
958 1533 1110 1590 postea·
1141 1536 1178 1564 v.
1221 1521 1336 1564 1361
1372 1535 1529 1580 magno
1561 1520 1779 1564 interiecto
1817 1520 1951 1580 spatio
1990 1534 2115 1580 poeta

131 1582 335 1641 disputat,
385 1581 440 1625 ad
480 1582 742 1626 Lachmanni
779 1582 834 1626 de
870 1582 951 1625 hac
988 1580 1179 1626 carminis
1216 1595 1331 1640 parte
1371 1582 1618 1625 sententiam
1657 1582 1990 1626 confirmandam
2027 1600 2114 1626 non

130 1644 324 1704 pertinet.
388 1660 485 1685 nam
519 1658 627 1702 quae
659 1643 761 1687 dicit
793 1644 885 1697 ille,
918 1659 1018 1686 cum
1049 1655 1193 1700 postea
1225 1654 1408 1697 enarret,
1440 1659 1569 1701 quam
1600 1659 1705 1702 qua
1716 1655 1802 1685 arte
1833 1642 2028 1686 homines
2050 1643 2116 1686 usi

132 1717 270 1749 essent
302 1704 513 1762 exposuit,
545 1717 636 1747 tum
667 1707 712 1747 in
743 1696 864 1747 bellis
895 1702 1092 1771 gerendis
1122 1716 1215 1745 tum
1244 1704 1288 1745 in
1320 1716 1430 1745 terra
1462 1705 1575 1745 ferro
1606 1695 1941 1761 proscindenda,
1983 1705 2041 1746 eis
2072 1721 2115 1747 sc

131 1781 276 1808 rerum
324 1776 654 1834 temporumque
696 1765 892 1808 ordinem
935 1780 1054 1806 anxia
1094 1762 1218 1806 nimis
1260 1779 1358 1806 cuia
1399 1776 1592 1808 secutum
1633 1780 1722 1807 non
1759 1780 1855 1808 esse
1902 1764 2117 1824 siguificat.

133 1843 215 1869 nec
247 1841 355 1883 quae
388 1824 442 1868 de
475 1824 643 1883 tegibus
674 1842 790 1869 arces
822 1824 1125 1879 condentibus,
1157 1841 1256 1867 cum
1288 1824 1342 1867 ad
1373 1826 1532 1868 calcem
1563 1824 1672 1868 libri
1686 1838 1944 1883 properaret,
1974 1825 2118 1884 paucis

131 1887 345 1947 professus
377 1898 461 1942 est,
497 1886 554 1929 eis
585 1899 707 1930 antea
738 1902 829 1940 sese
862 1885 1073 1946 copiosius
1104 1885 1159 1929 de
1192 1884 1259 1929 his
1290 1888 1414 1930 rebus
1447 1885 1687 1929 disseruisse
1718 1903 1806 1930 non
1836 1886 2070 1946 persuadet.

258 2070 307 2113 ln
338 2087 479 2114 versus
513 2070 633 2114 1379
651 2097 712 2105 —
732 2071 851 2114 1435
884 2070 1002 2113 idem
1033 2069 1193 2130 quod'
1182 2087 1226 2112 m
1259 2085 1352 2126 eos,
1385 2070 1439 2113 de
1472 2069 1625 2129 quibus
1648 2069 1782 2113 modo
1805 2069 2119 2130 disputavimus,

134 2131 286 2177 cadere
319 2144 462 2175 censet
490 2131 800 2176 Lachmannus.
863 2132 1009 2186 „Haec
1041 2137 1241 2191 quoque“
1273 2131 1411 2191 inquit
1442 2144 1641 2190 „poetam
1672 2132 1755 2194 alio
1782 2143 1974 2190 tempore
1995 2132 2121 2176 addi-

135 2193 245 2236 disse
276 2192 488 2251 suspicor,
519 2193 562 2234 in
595 2194 750 2251 quibus
781 2193 935 2252 pariter
965 2205 1090 2251 atque
1121 2192 1164 2234 in
1197 2192 1267 2247 iis,
1299 2209 1406 2251 quae
1437 2209 1561 2251 supra
1593 2192 1646 2235 ad
1677 2207 1847 2236 versum
1880 2193 1994 2236 1091
2035 2210 2121 2237 no·-

135 2254 239 2307 tavi,
280 2255 344 2296 sui
383 2253 585 2312 temporis
624 2269 763 2296 mores
804 2270 904 2297 cum
949 2253 1128 2312 antiquis
1167 2254 1342 2296 collatos
1382 2252 1663 2312 1eprehendit.
1746 2253 1812 2296 his
1859 2254 1972 2297 enim
2013 2270 2121 2313 quae

134 2314 323 2357 subiecta
360 2327 456 2356 sunt
497 2312 552 2355 de
592 2314 855 2372 temporibus
898 2314 1040 2369 1436,
1080 2330 1128 2357 ea
1167 2314 1221 2357 ad
1259 2314 1464 2358 sationem
1502 2327 1544 2357 et
1573 2314 1781 2358 culturam
1811 2326 2020 2373 spectant,
2066 2315 2122 2359 de

137 2375 294 2434 quibus
326 2374 458 2417 niodo
491 2374 620 2433 egit.“

268 2487 357 2529 lam
390 2502 501 2544 quae
532 2487 586 2529 de
619 2487 806 2531 versibus
842 2486 961 2531 1436
992 2515 1042 2522 —-·
1075 2487 1195 2532 1439
1226 2487 1522 2531 Lachmannus
1553 2487 1746 2542 senserit,
1788 2505 2030 2547 quanquam
2067 2488 2123 2534 ita

137 2547 244 2591 mihi
282 2546 455 2607 probari
494 2563 582 2590 non
623 2564 752 2607 nego,
791 2561 840 2591 ut
872 2565 922 2592 ex
955 2548 1301 2608 praecedentibus
1342 2561 1436 2607 apta
1472 2549 1553 2592 illis
1591 2549 1738 2594 referri
1772 2565 1860 2593 non
1891 2549 2123 2605 videantur,

137 2621 278 2653 tamen
310 2621 499 2667 poetam,
532 2626 633 2653 cum
665 2609 708 2652 in
738 2612 825 2652 fine
855 2610 954 2653 libri
986 2610 1040 2652 de
1073 2609 1325 2654 carminibus
1354 2609 1580 2654 hominum
1611 2611 1750 2654 avium
1782 2624 1924 2653 cantus
1950 2609 2125 2655 imitan-

137 2670 253 2715 tibus
284 2670 526 2725 dissereret,
567 2670 686 2729 quod
725 2672 777 2714 ab
819 2687 871 2715 eo
907 2671 1007 2715 loco
1049 2672 1231 2715 alienum
1262 2684 1390 2727 esset,
1421 2672 1634 2731 scripsisse
1664 2688 1753 2717 non
1785 2670 1973 2716 dixerim.
2043 2689 2125 2718 nec
