2242 3051
948 69 1239 125 2-'3-‚5

175 168 371 224 Quem
409 170 466 221 ad
492 170 672 221 Iocum
681 173 910 230 antequam
928 169 1162 225 transiret,
1178 173 1360 235 poeta}
1376 173 1478 234 gq'uo
1495 155 1638 240 ιιιζῐιι
1676 155 1907 230 priniordia
1942 183 2093 214 omne·

101 250 166 280 res
150 202 444 290 κείῖἰοενεῑη,
491 244 577 276 erat
618 229 840 277 docturus.
892 252 895 254 ·
924 233 1179 293 „nusquam
1206 247 1267 283 ea
1276 229 1530 286 ..cessaref‘
1531 242 1622 286 ait,
1671 243 1845 301 „neque
1887 218 2091 276 cessanslo

101 310 235 339 novos
265 310 407 337 rerum
435 304 577 345 motus
607 292 873 352 progignere,
921 309 1022 343 cum
1053 305 1123 337 aut
1153 293 1352 351 gravitate
1383 310 1459 336 sua
1489 293 1676 336 ferantur
1706 304 1778 336 aut
1806 291 1894 336 ictu
1925 290 2091 336 alterius

103 356 342 415 corpusculi
382 355 591 424 pellantur
628 369 768 414 neque
805 353 915 397 imus
954 354 1066 397 ullus
1096 353 1150 398 sit
1187 354 1231 397 in
1264 371 1405 398 rerum
1436 370 1600 398 summa
1629 348 1769 409 loeus,
1818 369 1909 425 quo.
1943 352 2091 398 consi-

103 417 223 459 dere
236 416 409 475 possint.
484 415 650 473 quibus
669 414 874 484 quoniam
904 415 1023 474 quies
1054 416 1166 459 nulla
1197 416 1399 474 permissa
1436 415 1507 468 sit,
1550 414 1717 459 assiduo
1749 427 1871 460 motu
1900 415 2090 459 eret-citis

103 477 380 536 corpusculis,
421 487 493 518 aut
531 492 629 518 cum
672 475 830 535 exiguis
862 474 1084 519 intervallis
1119 471 1340 530 resultent,
1381 475 1517 519 valida
1555 492 1674 529 saxa,
1720 476 1897 529 ferrum,
1953 488 2091 527 cetera

102 538 146 582 id
178 553 310 597 genus
341 536 561 591 constitui,
606 549 678 579 aut
715 553 815 581 cum
852 536 1078 590 maioribus
1114 537 1254 596 spatiis
1293 537 1515 590 dissiliant,
1561 537 1715 578 rariora
1757 535 1866 580 effici
1898 552 2090 595 corpora.

101 615 242 658 neque
273 614 361 643 non
393 597 564 657 reperiri
594 610 758 657 praeter
787 597 894 643 haec
934 598 1059 641 etiam
1096 599 1364 657 corpuscula,
1409 615 1537 657 quae,
1581 595 1702 657 quod
1740 597 1865 640 nullis
1906 597 2091 642 coniun-

101 673 271 720 gantur,
301 671 509 718 perpetuo
541 675 680 720 neque
710 659 800 701 ullo
832 659 1067 708 intermisso
1098 660 1301 719 temporis
1332 660 1466 720 spatio
1498 658 1680 713 moveri,
1714 659 1890 714 turbari,
1922 658 2089 703 misceri

102 721 335 765 ιίᾶεειιιιιιι.
411 720 666 764 celeritatem
696 720 906 779 denique,
948 737 1031 779 qua
1069 722 1253 763 ferantur
1289 721 1540 781 primordia,
1581 720 1729 763 miram
1759 721 1827 764 vel
1861 721 1960 764 solis
1991 720 2088 764 luce

48 783 50 785 ’
101 782 293 842 probari,
340 798 447 841 quae
481 781 556 824 ubi
593 794 685 825 orta
724 781 797 836 sit,
845 782 993 825 oculos
1034 794 1182 841 tangat
1184 788 1210 810 ‘⁶

195 894 318 946 Quae
350 894 425 954 qui
456 908 672 953 reputavei
673 907 725 949 1t,
759 910 856 938 cum
886 894 1161 965 Laeli-manno
1194 896 1366 938 fortasse
1397 906 1709 965 verstrs,q1ios
1745 892 1915 953 ascripsi
1949 910 2088 954 supra,

103 973 126 998 a
157 955 328 1015 reliquis
358 956 537 1014 separari
568 956 704 1010 malit,
744 955 799 997 ita
838 968 906 1009 nt,
938 956 1012 1014 qui
1042 956 1312 1015 praecedant,
1345 971 1456 998 cum
1476 955 1534 998 eis
1566 958 1893 1015 coniungantur,
1934 955 2088 1014 quibus

102 1029 254 1087 poeta
261 1016 371 1059 infra
401 1019 458 1076 (v.
492 1015 580 1060 184
603 1019 705 1076 seq.)
739 1015 845 1058 nihil
874 1032 1039 1060 suisum
1071 1018 1170 1060 ferri
1204 1029 1394 1075 exponat.
1440 1028 1481 1058 at
1512 1033 1680 1071 vereon,
1712 1033 1766 1059 ne
1799 1017 1873 1076 qui
1903 1016 1959 1059 ita
1988 1032 2090 1060 sen-

103 1078 194 1133 tiat,
242 1077 435 1121 iniuriam
477 1077 585 1121 infer
577 1091 627 1121 at
666 1077 884 1132 Ciceroni,
925 1094 1012 1121 nou
1053 1076 1229 1122 indocto
1269 1077 1443 1121 homini.
1508 1090 1620 1121 certe
1653 1094 1763 1138 quae
1793 1076 2089 1121 Lachmannus

104 1149 200 1189 ante
237 1154 406 1182 versum
444 1140 528 1182 165
562 1139 708 1182 deesse
740 1150 900 1192 censet,
962 1140 997 1182 F
981 1156 1064 1198 pu
1067 1157 1133 1182 uri
1162 1140 1386 1198 epistolam
1425 1138 1478 1181 ad
1509 1139 1780 1183 Herodotum
1818 1139 1985 1181 missam
2015 1154 2089 1181 se-

104 1212 246 1254 cutuS‚
277 1217 383 1242 num
415 1215 465 1243 eo
497 1200 594 1243 loco
626 1199 776 1269 scripta
807 1200 981 1255 fuerint,
1014 1200 1174 1245 dubito.
1215 1199 1306 1256 „his
1338 1196 1492 1255 euim“,
1523 1200 1660 1261 inquit
1691 1200 1778 1255 ille,
1811 1211 1952 1255 „recte
1982 1201 2090 1243 sub-

101 1261 157 1303 ici
198 1273 444 1318 potuerunt,
494 1277 602 1320 quae
653 1261 798 1319 primis
843 1261 909 1302 his
956 1263 1141 1305 versibus
1180 1262 1403 1320 significari
1434 1274 1555 1320 puto,
1589 1262 1765 1321 [multos
1805 1261 2089 1320 philosophos

104 1320 313 1370 mundum
356 1334 397 1363 et
436 1337 500 1363 res
540 1322 749 1365 universas
790 1321 976 1380 opinari
991 1340 1076 1366 non
1118 1339 1168 1366 ex
1208 1321 1374 1365 infinito
1415 1338 1504 1365 esse
1544 1323 1620 1366 sed
1661 1322 1841 1366 deorum
1872 1322 2088 1365 voluntate

103 1395 361 1441 procreatas:
401 1382 482 1425 hos
520 1399 618 1426 vero
660 1399 750 1425 1em
787 1383 902 1424 nulla
941 1384 1098 1427 ratione
1140 1384 1282 1426 nixam
1322 1398 1500 1442 ponere3
1544 1383 1702 1443 quippe
1740 1384 1894 1442 quibus
1923 1383 2089 1426 facilius

103 1445 295 1489 videatur
325 1447 467 1489 omnia
497 1449 626 1490 semel
658 1447 711 1490 ad
743 1447 863 1502 dunin,
865 1466 932 1496 κην
959 1461 1000 1490 et
1020 1450 1073 1491 ad
1106 1448 1283 1491 deorum
1314 1447 1530 1491 arbiuium
1556 1449 1730 1503 referre]
1758 1464 1837 1491 nec
1863 1448 2088 1507 persectari

105 1514 209 1553 cet.“
271 1510 359 1553 Sed
391 1528 490 1554 cum
523 1512 576 1555 de
608 1512 792 1567 mundo,
824 1511 994 1571 originis
1025 1527 1112 1553 non
1146 1510 1324 1570 experti,
1353 1510 1398 1554 in
1421 1511 1696 1570 sequentibus
1717 1510 1843 1554 verba
1862 1511 1978 1552 nulla
1993 1510 2088 1562 sint,

105 1586 203 1613 cum
235 1571 449 1614 Knebelio
482 1574 619 1615 facere
651 1574 817 1627 malim,
857 1574 931 1631 qui
962 1571 1206 1615 Lucretium
1237 1588 1377 1615 versus
1407 1572 1597 1631 posuisse
1629 1571 1733 1616 dicit
1762 1570 1882 1625 ideo,
1915 1584 1981 1625 ut,
2013 1587 2089 1630 qui

104 1631 280 1675 fortuito
321 1644 559 1676 atomorum
597 1646 719 1676 motu
755 1632 1062 1694 pulcherrimus
1106 1644 1224 1674 natus
1264 1644 1369 1676 esset
1414 1633 1622 1701 mundus,
1671 1631 1898 1676 admiratos
1943 1647 2088 1676 veram

105 1690 280 1735 doceret
308 1693 527 1737 rationem.
591 1710 835 1753 quanquam
865 1701 1018 1752 'negare
1049 1692 1152 1735 nolo
1183 1692 1445 1748 Lucretium,
1475 1693 1511 1735 si
1541 1709 1709 1738 carmen
1734 1705 1817 1737 ren
1818 1705 1952 1736 actare
1974 1692 2088 1737 licu-

93 1751 223 1809 isset,
254 1768 395 1798 versus
424 1754 523 1798 loeo
555 1754 727 1798 forsitan
758 1767 977 1801 moturum
1007 1753 1147 1797 fuisse.

197 1958 386 2002 Certiora
416 1959 471 2003 ali
499 1972 630 2005 nanto
660 1960 764 2005 mihi
795 1959 991 2004 videntur
1023 1975 1128 2016 esse,
1174 1976 1284 2020 quae
1325 1959 1380 2004 de
1416 1959 1603 2005 versibus
1640 1959 1831 2005 eiusdem
1867 1961 1961 2004 libri
1992 1963 2080 2005 521

104 2030 186 2078 cet.-
242 2019 459 2064 Lachman
492 2038 541 2063 us
572 2021 807 2081 disputavit.
870 2022 958 2074 Qui
988 2037 1127 2066 versus
1157 2021 1204 2064 hi
1234 2034 1350 2064 sunt.

475 2143 629 2198 [Quod
670 2144 871 2203 quoniam
909 2143 1057 2198 docui,
1097 2160 1273 2203 pergam
1314 2157 1535 2189 conectere
1574 2162 1667 2189 rem
1706 2161 1811 2204 (suae

474 2231 525 2258 ex
554 2213 640 2258 hoe
671 2227 766 2274 apta
796 2213 929 2258 fidem
960 2213 1101 2270 ducat,
1135 2214 1365 2275 primordia
1395 2231 1552 2272 rerum,

473 2284 582 2327 inter
613 2300 659 2328 se
688 2284 815 2327 simili
844 2301 952 2344 quae
983 2297 1078 2327 sunt
1108 2286 1294 2345 perfecta
1324 2287 1471 2345 figura,

319 2356 408 2399 525
471 2355 633 2399 infinita
662 2356 827 2410 cluere,
858 2355 1015 2402 etenim
1045 2354 1238 2400 distantia
1269 2374 1370 2399 cum
1400 2357 1453 2398 sit

470 2426 706 2471 formarum
734 2425 873 2484 finita,
903 2438 1112 2472 necessest
1142 2442 1251 2488 quae
1281 2425 1436 2471 similes
1465 2424 1549 2470 sint

472 2514 561 2542 esse
590 2498 772 2542 infinitas
802 2512 873 2542 aut
900 2515 1105 2550 summam
1136 2498 1321 2542 materiai

469 2568 632 2613 finitam
663 2582 874 2626 constare,
905 2569 951 2613 id
980 2568 1103 2630 quod
1130 2586 1220 2615 non
1250 2584 1339 2614 esse
1370 2567 1573 2629 probavi-J

469 2640 658 2687 versibus
689 2641 910 2689 ostendam
939 2642 1189 2702 corpuscula
1217 2639 1404 2687 materiai
