2242 3051
926 146 978 156 -.
1055 124 1109 165 16
1188 147 1237 155 ..-

584 231 667 260 nec
695 216 833 260 verbis
863 231 1015 261 vexare
1045 228 1088 261 et
1118 219 1172 261 ab
1199 218 1287 261 imo
1318 229 1480 261 vertere
1509 232 1686 273 summa,

583 299 725 332 cetera
755 287 811 332 de
841 304 995 349 genere
1025 288 1112 334 hoc
1143 289 1358 349 adfingere
1390 300 1432 333 et
1462 287 1642 346 addere,
1671 287 1864 347 Memmi,

432 359 521 404 165
587 358 828 421 desiperest.

227 472 271 515 A
304 470 455 532 quibus
487 486 585 532 apta
614 487 731 531 sunt,
774 490 885 533 quae
916 473 1088 533 exponit
1117 490 1156 518 v.
1192 474 1301 518 195:

435 587 522 632 195
652 586 784 639 Quod
817 586 850 628 si
880 586 962 628 iam
994 602 1134 629 rerum
1164 585 1357 645 ignorem
1380 586 1621 646 vprimordia
1653 603 1761 646 quae
1793 587 1889 642 sint,

584 657 672 703 hoc
704 671 844 702 tamen
878 675 928 701 ex
960 657 1057 717 ipsis
1090 657 1195 702 caeli
1226 657 1455 701 rationibus
1487 658 1624 702 ausim

588 731 842 773 confirmare
874 729 1046 790 aliisque
1080 744 1131 771 ex
1161 731 1284 773 rebus
1316 728 1494 773 reddere
1526 730 1689 787 multis,

587 818 860 862 nequaquam
891 802 1012 844 nobis
1043 799 1241 843 divinitus
1273 816 1363 843 esse
1395 813 1579 859 paratam

588 885 777 915 naturam
810 888 970 915 rerum:
1009 884 1119 914 tanta
1150 883 1230 914 stat
1259 869 1449 930 praedita
1481 872 1617 931 culpa.

198 984 338 1027 Etiam
369 1000 478 1042 quae
510 983 566 1027 de
597 984 779 1028 deorum
809 984 982 1028 sedibus
1011 996 1137 1043 poeta
1167 990 1335 1026 narrare
1366 984 1542 1042 coepit,
1560 984 1613 1027 ad
1646 983 1825 1028 eandem
1855 1001 1944 1027 rem
1977 1001 2079 1042 per-

87 1043 245 1100 tinent3
277 1062 398 1099 cum,
426 1045 461 1087 si
493 1045 584 1099 dei,
618 1061 727 1103 qnos
760 1046 1018 1089 immortales
1051 1060 1140 1088 esse
1171 1044 1365 1088 homines
1396 1044 1476 1088 sibi
1505 1044 1782 1104 persuadent,
1824 1046 1940 1088 caelo
1977 1045 2077 1088 sede

88 1118 325 1161 uterentur,
357 1106 592 1149 immortale
623 1105 666 1148 id
699 1105 841 1167 ipsum
872 1123 962 1150 esse
994 1117 1221 1165 appareret.

213 1219 336 1272 Quae
367 1218 507 1277 primo
540 1218 668 1261 animi
699 1219 863 1278 impetu
896 1231 1021 1279 poeta
1051 1218 1264 1278 scripserit
1294 1218 1348 1262 de
1389 1219 1513 1269 rebus
1545 1218 1825 1282 difficiiliniis,
1871 1234 1916 1261 ea
1955 1218 2078 1263 nobis

89 1279 233 1324 relicta
264 1296 354 1324 esse
383 1279 722 1324 Lachmannus
710 1297 802 1349 ipse
833 1282 1077 1336 confirmat,
1110 1297 1250 1341 neque
1282 1293 1496 1325 retractata
1527 1276 1691 1325 eadem
1703 1297 1841 1339 neque
1872 1281 2077 1324 indefessa

90 1358 191 1385 cura
218 1341 360 1399 polita.
430 1342 551 1400 quod
583 1359 684 1385 cum
714 1342 771 1385 ita
802 1342 880 1396 sit,
913 1358 1001 1386 non
1032 1341 1203 1401 intelleg
1199 1357 1275 1388 eie
1306 1357 1375 1385 me
1408 1343 1634 1396 confiteor,
1667 1359 1741 1385 cun
1758 1341 1872 1384 idem
1894 1341 2077 1384 adhunc

87 1402 236 1446 locum
266 1401 472 1460 pertinere
505 1418 730 1471 negemUS,
763 1375 884 1471 quod
914 1403 1160 1445 nostratium
1185 1403 1382 1461 operibus
1407 1402 1602 1456 institutis
1628 1420 1767 1461 neque
1795 1403 1954 1445 eisdem
1978 1420 2079 1460 per-

89 1463 212 1507 fectis
253 1464 541 1533 confirmetur.
621 1462 741 1506 latius
783 1465 835 1507 ab
873 1462 1058 1507 instituta
1098 1463 1378 1523 disputatione
1422 1478 1467 1506 se
1507 1454 1608 1507 ferri
1652 1479 1794 1524 passus
1842 1475 1903 1506 est
1939 1475 2078 1523 poeta,

90 1541 221 1584 quam
250 1541 296 1567 m
327 1541 469 1568 ammo
504 1537 589 1567 erat
618 1537 753 1567 mitio.

245 1746 358 1790 Cum
388 1746 586 1816 exiguum
620 1746 893 1805 disputationi
926 1762 1045 1789 meae
1077 1746 1257 1804 spatium
1288 1747 1540 1804 permissum
1574 1748 1644 1801 sit,
1676 1763 1940 1806 quanquam,
1973 1763 2078 1805 quae

89 1807 265 1862 vellem,
296 1807 441 1866 paucis
472 1807 702 1865 significavi
732 1823 813 1850 nec
844 1804 1045 1864 exemplis
1079 1818 1151 1849 aut
1181 1808 1436 1866 augumentis
1468 1808 1641 1866 copiose
1674 1808 1965 1866 comprobavi,
1995 1808 2078 1850 iam

92 1884 192 1912 cum
230 1867 286 1911 ad
325 1869 456 1911 finem
493 1867 767 1926 perducenda
808 1867 861 1910 sit
898 1867 1107 1926 quaestio,
1155 1884 1224 1910 me
1263 1868 1373 1911 iusto
1408 1869 1597 1928 pluribus
1633 1885 1757 1927 supra
1789 1868 1924 1912 verbis
1954 1886 2079 1911 usum

89 1944 180 1972 esse
209 1928 430 1989 typotheta
456 1928 580 1971 facile
611 1929 716 1971 mihi
746 1928 982 1989 persuadet.
1027 1927 1161 1980 Quod
1192 1945 1289 1972 cum
1322 1929 1378 1971 ita
1407 1929 1479 1985 sit,
1511 1944 1566 1972 ne
1592 1929 1687 1988 quis
1719 1929 1906 1998 miretur,
1937 1930 2078 1985 velim,

90 2006 168 2035 eur
200 2006 308 2049 quae
340 1990 394 2033 de
425 1989 552 2045 locis,
598 1990 673 2050 qui
703 1990 830 2035 etiam
861 2001 1039 2045 restent,
1079 1989 1210 2033 tribus
1249 1990 1430 2035 dicenda
1471 1991 1574 2046 sint,
1615 1992 1658 2034 in
1690 1992 1816 2034 verba
1855 1990 1937 2033 iam
1969 2008 2080 2035 con-

66 2052 226 2108 vferam
272 2051 531 2110 paucissima.

244 2161 295 2205 In
326 2162 435 2205 libro
467 2162 617 2222 quinto
650 2156 979 2222 disputationem
1011 2159 1087 2205 de
1096 2174 1299 2206 astrorum
1332 2163 1518 2206 motibus
1548 2163 1684 2206 alieno
1709 2162 1807 2205 loco
1840 2174 1963 2220 poeta
1993 2179 2080 2222 po-

91 2223 222 2265 suisse
252 2222 473 2266 videatur..
517 2223 669 2266 mundi
701 2224 830 2279 enim,
863 2223 939 2281 qui
969 2223 1051 2266 iam
1082 2223 1155 2277 sit,
1188 2223 1395 2281 originem
1428 2241 1521 2267 eam
1552 2225 1681 2266 fuisse
1712 2223 1857 2276 docet,
1888 2235 1936 2264 ιιι
1967 2224 2079 2281 prius

92 2295 224 2326 terrae
266 2284 515 2341 corpuscula
553 2283 598 2325 in
637 2283 781 2327 medio
823 2283 1005 2352 coirent,
1057 2295 1152 2326 tum
1193 2283 1390 2338 aetheris,
1438 2284 1559 2339 solis,
1606 2284 1754 2337 lunae,
1807 2298 1949 2341 aquae.
2033 2285 2079 2327 in

92 2359 264 2386 summo
294 2359 416 2398 vero,
463 2344 584 2403 quod
615 2343 847 2387 levissimus
876 2343 949 2400 sit,
976 2344 1158 2386 aethera
1190 2343 1371 2399 moveri,
1416 2344 1462 2387 in
1493 2344 1634 2388 media
1665 2341 1815 2385 mundi
1846 2355 1958 2402 parte
1989 2356 2081 2388 ter-

92 2421 183 2447 ram
221 2405 463 2463 quiescere3
513 2421 625 2464 quae
665 2422 720 2449 ne
759 2421 878 2448 auras
914 2403 1123 2464 deprimat
1160 2403 1293 2451 nimio
1333 2406 1547 2465 pondere,
1589 2421 1641 2449 eo
1677 2403 1912 2463 prohiberi,
1958 2405 2080 2466 quod

92 2465 244 2524 pariter
276 2482 300 2509 a
330 2465 465 2524 prima
487 2465 645 2512 mundi
677 2466 841 2527 origine
873 2479 1077 2529 concepta
1113 2465 1178 2509 sit.

248 2579 328 2623 His
368 2576 489 2640 quod
527 2578 765 2624 intersertae
804 2592 939 2624 essent
971 2579 1025 2624 de
1064 2579 1186 2625 variis
1217 2591 1421 2624 astrorum
1452 2579 1636 2624 motibus
1663 2564 1801 2622 {ariae
1839 2580 2079 2636 sententiae,

90 2656 181 2685 non
209 2641 301 2684 sine
333 2658 457 2684 causa
483 2640 715 2685 admiratus
744 2654 809 2704 est
831 2641 1142 2697 Lachmannus,
1171 2656 1273 2684 eum
1304 2642 1356 2685 ad
1386 2658 1426 2686 v.
1453 2641 1546 2687 509
1570 2641 1676 2683 haec
1707 2640 1900 2685 adderet:
1931 2643 2079 2698 „Quae

89 2700 211 2746 hunc
250 2719 420 2747 versum
466 2702 747 2762 praecedunt,
792 2701 842 2747 iis
889 2703 1092 2748 continuo
1137 2698 1438 2747 subiciendum
1484 2715 1549 2747 est
1584 2701 1875 2761 Terraque
1921 2716 1978 2747 ut
2024 2703 2079 2746 in
